1294 2149
175 90 233 118 106
541 89 802 119 EUNUCHUS.

508 237 740 287 SCENA
775 239 835 290 V.

565 345 782 374 ANTIPHO.

172 471 245 501 Heri
259 471 383 512 aliquot
395 469 621 500 adolescentuli
634 470 764 500 coximus
777 470 810 499 in
823 470 918 500 Piraeo
928 494 935 508 ,

171 532 209 560 111
222 530 308 560 hunc
321 529 404 559 diem
416 535 453 558 ut
465 528 503 559 de
517 528 667 571 symbolis
681 539 825 559 essemus.
841 517 993 559 Chei‘eam
1005 529 1033 559 ei
1046 530 1092 559 rei

171 591 386 622 Praefecimus:
400 589 467 620 dati
479 589 607 619 annuli:
622 589 708 619 locus
717 614 725 627 ,
739 595 861 630 tempus
874 590 1080 619 constitutum
1093 596 1148 620 est.

172 650 324 681 Praeteriit
337 656 476 689 tempus:
491 660 554 691 quo
568 649 601 679 in
613 649 682 679 loco
696 648 816 679 dictum
828 655 890 686 est,
903 649 1005 689 parati
1019 649 1098 679 nihil
1110 656 1166 679 est.

174 713 272 740 Homo
286 710 350 750 ipse
363 711 521 751 nusunam
533 715 595 739 est:
610 720 713 751 neque
726 709 788 740 scio
802 708 880 751 quid
893 708 1010 747 dicam,
1023 715 1080 739 aut
1092 709 1170 751 quid

217 769 398 810 conjectem.

174 832 263 860 Nunc
275 829 355 860 mihi
366 829 426 859 hoc
440 829 546 870 negoti
561 828 664 859 caeteri
677 827 790 858 dedere
799 853 807 866 ‚
820 835 857 858 ut
869 827 959 858 illum
972 839 1127 870 quaeram:

173 891 272 933 quue
285 891 362 921 adeo
374 891 473 921 visam
485 891 511 920 si
524 890 609 920 domi
621 897 678 920 est.
693 890 846 929 Quisnam
855 889 928 920 hinc
938 891 958 920 ὰ
967 889 1087 919 Thaide
1100 889 1181 919 exit?

174 953 202 981 Is
215 958 260 981 est
269 977 276 989 ‚
290 962 332 981 an
346 962 410 981 non
423 952 487 981 est?
499 951 584 991 ipsus
597 956 652 980 est.
669 950 752 990 Quid
764 949 824 980 hoc
836 949 987 980 hominis!
1000 950 1062 989 Qui
1071 956 1118 980 est
1130 949 1181 980 hic

218 1012 369 1041 ornatus?

176 1071 258 1112 Quid
272 1070 352 1101 illud
364 1070 439 1101 mali
451 1077 497 1102 est
505 1073 519 1100 ἒ)
532 1073 658 1113 Nequeo
672 1070 745 1100 satis
757 1071 886 1108 mirari,
899 1080 1002 1112 neque
1014 1069 1177 1110 conjicere.

176 1133 239 1163 'Nisi
253 1132 409 1175 quidquid
422 1138 482 1171 est,
496 1131 606 1174 prociil
620 1131 694 1162 hinc
708 1131 783 1162 libet
796 1131 882 1172 priiis
891 1156 899 1170 ‚
916 1130 993 1173 quid
1011 1131 1066 1169 sit,
1079 1131 1179 1162 scisci-

221 1198 291 1227 tari.
