1294 2149
313 299 595 362 ACTUS
638 299 1068 376 QUARTUS.⁴

625 464 770 473 *-

543 627 775 678 SCENA
811 630 846 676 I.

324 755 576 792 cmm-Nm,
601 757 887 792 ΡΑΜΡΗιιυε,
911 757 1068 786 DAvus.

595 909 612 927 c
622 909 641 928 H
653 910 672 928 A
681 909 698 928 R
707 909 717 928 1
726 908 746 928 N
755 909 773 928 u
783 910 806 928 s.

193 959 328 988 Hoeciue
341 964 388 988 est
401 958 554 988 credibile
564 983 571 997 ,
586 966 641 989 aut
654 959 858 990 memorabile
867 985 875 998 ,

192 1022 296 1050 Tanta
308 1019 456 1050 vecordia
469 1021 579 1050 inuata
592 1021 741 1062 cuiquam
754 1027 789 1051 ut
802 1021 861 1052 siet
870 1046 877 1059 ,

195 1083 237 1110 Ut
249 1080 340 1110 malis
353 1079 491 1122 gaudeat
503 1079 630 1117 alienis,
645 1087 741 1122 atque
755 1091 791 1110 ex
804 1081 1010 1111 incommodis

194 1139 330 1171 Alterius
339 1165 346 1177 ‚
360 1152 417 1171 sua
429 1146 466 1171 ut
478 1148 639 1182 comparet
651 1141 833 1171 commoda?
847 1140 911 1171 Ah!

193 1200 270 1231 Idne
285 1206 331 1231 est
344 1202 474 1230 verum?
487 1202 552 1230 lmb
567 1200 599 1231 id
612 1211 709 1243 genus
723 1207 769 1231 est
782 1200 950 1231 homiuum
963 1201 1126 1241 pessimum
1144 1226 1152 1239 ,

195 1264 232 1290 In
245 1261 431 1303 denegando
446 1261 539 1292 mod&
554 1262 642 1304 queis
656 1262 760 1303 pudor
773 1268 819 1292 est
832 1261 999 1303 paululum
1012 1273 1018 1291 :

194 1325 282 1360 Post,
296 1322 351 1353 ubi
360 1323 427 1363 jam
440 1329 562 1364 tempus
576 1329 622 1353 est
636 1323 790 1364 promissa
803 1321 927 1364 perfici,

195 1384 276 1414 Tiim
289 1385 390 1415 coacti
404 1385 579 1415 necessarii)
593 1396 624 1415 se
638 1384 786 1426 aperiunt
799 1392 830 1415 et
844 1385 957 1415 timent
967 1410 973 1422 ,

194 1448 233 1475 Et
247 1453 353 1476 tamen
366 1457 415 1476 res
429 1446 513 1488 cogit
527 1457 578 1477 eos
591 1446 758 1488 denegare.
772 1446 819 1477 lbi

196 1507 277 1537 Tfim
290 1507 562 1548 impudentissima
575 1519 685 1538 eorum
698 1507 801 1538 oratio
815 1513 861 1538 est
874 1521 880 1536 :

197 1570 273 1608 Quis
286 1576 321 1599 tu
334 1570 385 1600 es?
398 1570 473 1609 Quis
486 1570 565 1600 mihi
579 1572 630 1600 es?
643 1572 707 1600 Cur
720 1580 822 1600 meam
836 1569 913 1600 tibi?
926 1572 1007 1599 Heus
1016 1594 1024 1607 ‚

196 1632 360 1662 Proximus
373 1642 442 1662 snm
455 1639 578 1673 egomet
589 1632 669 1663 mihi
682 1643 688 1661 t
703 1638 843 1662 attamen
858 1630 914 1661 ubi
927 1629 1002 1661 fides

197 1691 226 1721 Si
242 1702 345 1733 roges,
360 1691 441 1722 nihil
457 1691 564 1733 pudet.
580 1693 636 1722 Hic
646 1718 653 1730 ‚
667 1691 722 1721 uhi
736 1703 814 1733 opus
827 1697 890 1729 est,

197 1752 265 1781 Non
281 1758 447 1783 verentur:
463 1751 543 1788 illic,
558 1751 614 1782 ubi
628 1751 708 1782 nihil
723 1762 801 1792 opus
815 1758 876 1785 est,
891 1751 935 1782 ibi
948 1756 1107 1781 verentur.
