1294 2149
143 150 180 177 16
557 151 743 179 ANDRIA.

138 224 256 250 Eorum
268 220 400 262 obsequi
413 220 540 258 studiis,
554 219 704 250 adversus
717 221 836 252 nemini

139 282 310 322 Nunquam
324 290 508 321 praeponens
522 290 552 309 se
565 278 637 309 illis.
653 280 701 309 Ita
713 278 865 310 facillime
874 307 882 319 ,

140 341 211 370 Sine
223 340 343 371 invidia
357 340 482 370 laudem
496 339 639 369 invenias
649 365 657 377 ‚
671 346 702 370 et
714 340 831 371 amicos
839 346 944 382 pares.

585 540 623 560 so
630 540 643 559 s
650 541 662 560 1
670 540 701 560 A.

140 591 302 630 Sapienter
314 589 412 619 vitam
426 590 573 619 instituit.
589 592 731 632 Namque
744 590 804 621 hoc
817 598 957 633 tempore

139 648 332 690 Obsequium
346 650 476 685 amicos,
491 649 607 680 veritas
621 649 730 680 odium
745 650 840 691 parit.

592 789 606 808 s
613 789 624 809 1
633 788 657 808 M
664 789 692 809 o.

135 838 260 867 Interea
271 838 385 868 mulier
399 838 544 880 quaedam
555 839 673 869 abhinc
687 839 860 871 triennium

137 900 181 926 Ex
194 897 302 927 Andro
316 897 536 939 commigravit
548 897 611 928 hue
622 898 759 936 viciniae,

135 957 246 997 Inopia
259 963 290 987 et
302 964 510 999 cognatorum
524 957 717 1000 negligentia

136 1020 251 1048 Coacta
260 1042 267 1055 ,
283 1018 408 1061 egregia
422 1018 541 1057 forma,
554 1024 651 1061 atque
663 1025 754 1050 aetate
767 1019 901 1062 integri

581 1157 700 1177 SOSIA.

134 1207 207 1236 Hei!
225 1218 333 1237 vereor
348 1219 387 1237 ne
401 1207 478 1250 quid
492 1207 613 1238 Andria
625 1208 773 1249 adportet
784 1207 870 1238 mali.

587 1341 601 1360 s
610 1342 619 1361 1
628 1341 652 1361 M
660 1341 689 1362 0.

131 1389 271 1420 Primum
285 1389 350 1420 haec
363 1390 478 1431 pudice
490 1391 588 1422 vitam
598 1416 605 1429 ‚
619 1392 713 1432 parce
726 1402 763 1421 ac
776 1392 898 1422 duriter

132 1448 268 1490 Agebat,
282 1449 356 1480 lana
368 1461 404 1480 ac
418 1450 482 1480 tela
494 1451 615 1481 victum
631 1452 812 1494 quaeritans.

131 1509 189 1539 Sed
203 1511 370 1552 postquam
383 1522 492 1542 amans
505 1513 649 1550 accessit,
663 1513 802 1553 pretium
813 1511 963 1553 pollicens
973 1537 980 1549 ,

129 1572 235 1607 Unus,
249 1577 280 1601 et
293 1571 370 1602 item
382 1571 479 1609 alter3
496 1572 540 1603 itii
553 1579 589 1603 ut
602 1573 767 1615 ingenium
779 1580 826 1604 est
839 1572 981 1603 omnium

130 1632 301 1662 Hominum
313 1635 329 1663 ἐι
344 1633 452 1664 labore
466 1634 604 1674 proclive
617 1634 658 1664 ad
671 1633 853 1669 libidinem3

132 1692 259 1732 Accepit
272 1693 504 1732 conditionem,
518 1694 594 1724 dein
606 1701 762 1736 quaestum
775 1694 899 1735 occipit.

131 1751 194 1791 Qui
207 1752 275 1782 tum
288 1752 373 1783 illam
387 1753 554 1792 amabant,
568 1754 667 1790 forte,
681 1755 725 1785 ita
738 1760 775 1784 ut
788 1752 838 1790 fit,
852 1751 953 1784 filium
