1294 2149
233 146 271 173 62
605 143 867 173 EUNUCHUS.

649 224 665 243 c
673 223 694 243 n
703 224 721 243 Ε
727 224 747 243 R
755 224 773 244 Ε
780 224 811 243 Α.

230 274 265 304 Id
277 273 424 316 equidem
436 272 606 303 adveniens
618 283 741 303 mecum
755 272 977 303 stomachabar
988 272 1099 303 modo:

228 337 335 377 Neque
349 320 541 377 quemquam
553 333 715 364 hominem
727 345 791 364 esse
803 345 861 376 ego
874 333 1023 373 arbitror,
1036 333 1088 364 cui
1099 334 1198 375 magis

270 394 361 424 bonae

228 455 404 486 Felicitates
417 465 526 485 omues
538 454 675 484 adversae
687 454 779 484 sient.

636 530 653 549 P
663 530 681 549 Α
690 529 711 549 R
718 529 743 549 M
750 530 768 549 Ε
775 529 795 549 x
803 530 832 549 ο.

229 582 313 621 Quid
326 581 385 612 hoc
399 588 444 612 est
456 580 598 612 sceleris?

648 651 665 670 c
673 650 694 670 Η
702 651 720 671 Ε
727 651 747 671 R
755 651 772 671 Ε
780 652 810 670 Α.

604 701 700 731 Perii!

632 771 650 791 Ρ
658 772 678 791 Α
686 771 707 791 n
714 771 739 791 M
747 771 765 791 Ε
772 771 792 791 N
800 772 829 791 o.

702 820 786 861 Quid
798 820 918 853 factum
930 823 995 852 est?

651 893 668 913 c
676 892 698 912 Η
708 893 726 913 Ε
733 893 753 913 R
760 893 779 913 Ε
785 893 816 912 A.

970 961 972 965 ι
995 945 1114 984 Rogas?

227 1004 328 1034 Patris
341 1009 526 1045 cognatum,
539 1009 635 1046 atque
648 1002 817 1045 aequalem,
832 1001 1083 1034 Archidemidem

228 1062 365 1095 Nostiu'?

633 1134 650 1153 Ρ
659 1134 678 1153 A
687 1133 705 1152 R
713 1132 737 1152 M
745 1134 763 1152 Ε
770 1133 790 1153 x
800 1133 828 1153 ο.

382 1183 518 1224 Quidni?

647 1253 664 1273 c
672 1253 694 1273 Η
702 1254 720 1274 Ε
727 1254 746 1273 R
755 1253 773 1274 Ε
781 1253 812 1273 A.

536 1307 564 1335 Is
573 1330 580 1343 ‚
594 1304 670 1334 dum
682 1304 766 1335 hanc
779 1315 894 1348 sequor
902 1329 910 1343 ,
922 1303 959 1335 fit
970 1301 1050 1335 mihi
1062 1303 1196 1335 obvium.

636 1442 654 1461 P
662 1442 682 1461 A
690 1441 709 1461 R
717 1440 741 1460 M
749 1442 766 1461 Ε
773 1441 793 1461 N
801 1442 831 1462 ο.

228 1491 429 1521 Incommode
442 1490 557 1521 hercle.

647 1561 664 1580 c
673 1560 694 1580 Ε
702 1561 719 1580 Ε
726 1561 745 1581 R
753 1561 771 1580 Ε
778 1561 809 1581 Α.

569 1612 636 1641 Imo
650 1611 810 1641 enimvero
823 1609 1008 1640 infeliciter:

225 1674 306 1702 Nam
318 1672 517 1702 incommoda
530 1671 592 1702 alia
605 1678 680 1702 sunt
693 1671 825 1703 dicenda
834 1697 842 1710 ‚
855 1674 1020 1702 Parmeno.

224 1732 320 1762 Illum
331 1731 432 1774 liquet
444 1731 523 1762 mihi
535 1731 676 1772 dejerare
685 1757 693 1770 ,
707 1731 756 1763 his
768 1731 928 1762 mensibus

226 1796 282 1823 Sex
292 1818 299 1831 ,
312 1798 431 1833 septem
444 1792 590 1836 prorsum
604 1803 668 1823 non
682 1792 793 1824 vidisse
806 1791 970 1833 proximis,
