1294 2149
234 98 291 134 146
643 102 828 133 ANDRIA.

629 183 843 204 eflAnmns.

230 235 360 264 Factum
373 232 433 264 hoc
447 239 509 272 est,
523 236 629 265 Dave?

671 306 803 326 DAVUS.

635 359 778 386 Factum.

629 436 646 455 c
656 437 676 455 n
686 438 704 455 A
715 437 734 456 R
743 437 752 456 1
764 436 785 456 N
793 437 812 456 ι’
821 437 845 456 s.

784 487 879 523 Hem,
893 485 972 527 quid
985 486 1029 516 ais
1040 511 1047 523 ‚
1061 485 1181 516 scelus?

228 546 270 573 At
285 543 342 573 tibi
356 543 400 573 dii
414 543 547 584 dignum
561 543 653 574 factis
666 543 799 574 exitium
811 544 922 575 duint!

230 604 296 633 Eho
306 629 314 641 ‚
327 603 376 633 dic
389 603 484 640 mihi,
500 603 525 633 si
538 615 646 634 omnes
660 604 746 635 hunc
760 605 938 646 conjectum
950 607 985 636 in
999 606 1127 647 nuptias

229 664 351 694 Inimici
365 664 484 694 vellent
493 690 500 703 ,
515 665 601 706 quod
610 689 618 701 ‚
633 666 667 695 ni
682 665 742 696 hoc
752 691 759 704 ‚
772 665 940 696 consilium
953 666 1087 696 darent?

667 796 800 817 DAVUS.

231 848 384 886 Deceptus
398 856 482 884 sum,
496 852 530 876 at
543 857 608 876 non
622 846 825 889 defatigatus.

635 987 651 1006 c
661 987 681 1006 H
692 988 710 1007 Α
720 987 739 1007 Ρ.
748 986 758 1006 1
767 986 786 1006 N
796 987 815 1007 U
825 986 848 1006 s.

826 1036 904 1066 Scio.

671 1107 690 1125 n
700 1107 741 1126 Av
750 1107 771 1126 U
781 1107 803 1126 s.

231 1156 295 1186 Hae
308 1167 371 1186 non
386 1157 547 1193 successit,
562 1156 624 1186 alia
638 1157 860 1199 aggrediemur
871 1157 934 1187 via.

230 1216 294 1246 Nisi
308 1217 339 1246 id
354 1223 445 1258 putas
455 1241 462 1253 ‚
478 1219 552 1259 quia
566 1218 668 1258 primi)
683 1220 832 1258 processit
846 1219 974 1259 partun,

230 1279 299 1307 Non
314 1288 401 1318 posse
410 1277 476 1317 jam
490 1278 530 1308 ad
543 1278 678 1308 salutem
691 1279 836 1309 converti
850 1278 910 1309 hoc
922 1279 1053 1310 malum.

614 1418 858 1439 Pitumnum.

228 1468 293 1496 lm&
307 1467 419 1503 etiam;
434 1478 509 1497 nam
522 1469 596 1498 satis
610 1468 721 1507 credo,
735 1469 760 1500 si
773 1468 994 1510 advigilaveris
1003 1493 1011 1505 ,

230 1530 272 1557 Ex
287 1528 358 1556 uuis
370 1527 510 1568 geminas
524 1527 605 1558 mihi
618 1527 763 1559 conficies
775 1529 914 1571 nuptias.

676 1663 696 1682 n
704 1663 746 1683 Av
755 1663 775 1683 υ
784 1663 808 1683 s.

230 1712 309 1750 Ego,
324 1708 501 1750 Pamphile,
516 1710 575 1740 hoc
590 1710 646 1741 tibi
661 1722 718 1752 pro
732 1711 861 1743 servitio
875 1712 991 1747 debeo,

229 1770 343 1800 Conari
357 1770 517 1809 manibus,
533 1771 681 1812 pedibus,
695 1780 866 1815 noctesque
879 1780 910 1805 et
924 1773 990 1805 dies
1003 1799 1010 1807 ,
