1294 2149
248 171 306 207 184
610 174 877 203 EUNUCHUS.

241 242 408 285 Capillum.
424 245 617 274 Monstrum!
634 243 736 274 Etiam
748 244 834 274 ultro
849 245 986 276 derisum
999 246 1139 276 advenit.

683 376 703 395 T
711 376 732 395 H
741 377 761 396 A
768 368 780 395 ἰ’
787 376 811 396 s.

244 424 334 456 Abin’
348 425 423 456 hinc
432 449 440 462 ,
455 426 577 455 insana.

657 495 674 515 P
683 494 702 514 Y
709 495 727 514 T
737 495 757 514 fl
767 496 778 515 1
788 495 808 515 A
816 496 838 515 s.

592 544 677 585 Quid
689 545 736 575 ita
748 547 843 576 vero?
854 547 989 578 Debeam
999 572 1007 584 ,

245 605 347 636 Credo
355 629 363 642 ,
377 605 431 635 isti
444 605 620 647 quidquam
632 605 783 636 furcifero
792 629 801 643 ,
814 606 840 636 si
852 606 887 637 id
898 606 1025 639 fecerim
1037 619 1043 637 :

245 666 421 699 Praesertim
434 667 507 697 cum
519 678 550 697 se
563 678 688 698 servum
701 667 841 698 fateatur
853 664 953 699 fluum.

688 738 707 757 T
717 738 737 757 H
747 730 784 757 A‘i
791 738 815 757 s.

247 787 341 818 Missa
355 786 420 818 haec
433 787 594 818 faciamus.
609 791 680 819 Non
694 795 724 819 te
739 788 888 831 dignum,
904 788 1041 826 Cherea,

248 848 373 879 Fecisti.
388 851 466 880 Nam
475 873 482 886 ‚
498 850 523 879 si
537 861 593 891 ego
607 850 705 891 digna
718 849 778 880 hac
790 849 983 881 contumelia

248 912 322 940 Sum
335 909 470 940 maxime
479 934 486 946 ‚
501 916 533 940 at
547 916 582 940 tu
595 909 746 951 indiguus
759 910 816 952 qui
827 910 945 941 faceres
958 916 1072 940 tamen.

248 973 357 1013 Neque
371 971 500 1012 edepol,
515 971 594 1013 quid
607 982 693 1001 nunc
705 971 829 1002 consilii
842 972 964 1013 capiam
973 995 981 1009 ‚
994 972 1057 1002 scio
1067 995 1074 1007 ‚

248 1035 293 1062 De
306 1032 430 1074 virgine
444 1032 538 1068 istac;
553 1032 599 1062 ita
611 1032 810 1063 conturbasti
822 1032 903 1063 mihi

249 1093 398 1123 Rationes
411 1105 534 1130 omnes,
549 1100 585 1124 ut
601 1105 670 1124 eam
683 1105 749 1124 nou
763 1094 876 1135 possim
890 1093 968 1130 suis,

250 1154 297 1183 lta
309 1160 345 1183 ut
358 1165 483 1196 aequum
496 1153 617 1190 fuerat,
632 1159 729 1195 atque
741 1159 779 1183 ut
791 1152 916 1189 studui,
930 1152 1070 1189 tradere,
1085 1159 1121 1183 ut

251 1213 393 1244 Solidum
406 1225 550 1255 parerem
562 1213 622 1244 hoc
636 1212 715 1244 mihi
728 1212 932 1250 beneficium,
947 1211 1077 1243 Cherea.

675 1293 693 1312 c
702 1292 723 1312 Η
733 1293 751 1313 Ε
758 1293 778 1312 R
787 1293 805 1313 E
813 1293 844 1313 A.

250 1346 290 1373 At
304 1354 390 1373 nunc
404 1342 520 1373 dehinc
534 1353 625 1385 spero
639 1349 789 1373 aeternam
801 1343 887 1373 inter
899 1353 957 1373 nos
969 1342 1105 1384 gratiam

251 1406 331 1435 Fore
341 1428 349 1441 ‚
364 1404 469 1434 Thais.
486 1407 570 1446 Saepe
584 1415 621 1435 ex
634 1403 814 1445 hujusmodi
827 1415 861 1434 re
876 1403 1041 1446 quapiam,
1055 1410 1087 1433 et

250 1464 336 1495 Malo
351 1476 388 1495 ex
402 1465 559 1506 principio
568 1489 576 1502 ‚
590 1476 707 1506 magua
720 1463 920 1495 familiaritas

251 1525 395 1556 Conflata
409 1533 465 1557 est.
482 1526 582 1566 Quid,
597 1527 622 1556 si
636 1526 696 1557 hoc
710 1525 867 1569 quispiam
880 1524 984 1556 voluit
997 1524 1092 1555 deus?

694 1647 822 1676 THA'is.

250 1706 404 1748 liquidem
419 1706 470 1748 pol
486 1706 518 1737 in
532 1718 601 1738 cam
615 1713 738 1748 partem
750 1705 935 1748 accipioque
950 1711 980 1735 et
994 1704 1075 1735 volo.
