1294 2149
173 61 211 88 26
545 61 810 91 EUNUCHUS.

168 132 197 160 Is
210 130 308 160 venit.
323 129 495 172 Postquhm
507 131 604 161 sensit
616 142 666 162 me
679 137 786 163 tecum
798 143 926 176 quoque

168 192 243 219 Rem
255 189 373 219 habere
382 214 390 227 ‚
404 188 494 232 fingit
506 201 629 229 causas,
645 203 685 222 ne
699 192 767 229 det,
781 193 900 224 sedulo.

167 249 234 287 Ait,
248 250 274 279 si
287 248 381 279 fidem
395 249 511 280 habeat
521 275 528 288 ‚
542 261 574 280 se
587 252 627 280 iri
640 253 844 292 praepositum
860 252 916 282 tibi

166 308 260 350 Apud
271 319 321 338 me
329 334 337 347 ‚
351 320 388 339 ac
401 320 467 339 uon
479 309 512 339 id
524 316 647 340 metuat
660 322 699 341 ne
708 336 716 349 ‚
732 311 788 341 ubi
801 322 871 341 eam
883 313 1055 354 acceperim
1065 339 1074 351 ,

167 371 236 399 Sese
250 368 445 411 relinquam,
459 368 540 399 velle
553 380 585 399 se
600 369 689 400 illam
700 370 780 401 mihi
793 371 869 402 dare
878 397 886 410 ,

165 429 284 459 Verum
296 430 329 460 id
342 431 452 460 vereri.
469 429 543 468 Sed,
557 441 614 471 ego
629 431 788 472 quantum
801 433 952 474 suspicor,

164 491 213 521 Ad
226 492 381 533 virginem
394 492 536 522 animum
550 491 674 532 adjecit.

577 625 594 644 P
603 624 624 644 Η
632 625 649 645 E
658 626 679 645 ι)
687 625 706 646 Ρ.
715 626 725 646 1
735 626 766 646 A.

688 677 833 708 Etiamne
847 678 1001 720 amplius?

605 748 624 767 τ
632 747 653 767 Η
661 738 699 768 Αἵ
708 749 732 768 s.

165 797 231 836 Nil,
246 808 320 827 uam
333 798 471 839 quaesivi.
487 800 578 828 Nunc
592 809 649 840 ego
664 809 733 828 eam
742 823 750 836 ‚
762 799 807 828 mi
820 798 971 836 Phedria‚

163 857 272 888 Multae
285 864 359 888 sunt
373 868 487 895 causae,
501 857 709 900 quamobrem
722 858 848 898 cupiam
861 858 1028 888 abducere.

162 918 320 956 Primum,
333 918 419 960 quod
432 929 522 948 soror
534 925 581 948 est
594 918 678 948 dicta
686 932 694 956 ;
710 920 876 960 praeterez‘l,
890 925 926 949 ut
939 920 1002 950 suis

162 980 336 1010 Restituam
349 991 385 1010 ac
398 979 539 1010 reddam.
555 979 626 1010 Sola
638 990 707 1010 sum
715 992 724 1016 3
739 979 840 1010 habeo
855 980 907 1010 hic
920 980 1078 1011 neminem
1088 1006 1095 1019 ,

162 1042 270 1082 Neque
284 1041 437 1078 amicum,
450 1050 554 1082 neque
567 1045 755 1081 cognatum:
770 1039 978 1082 quamobrem
987 1065 996 1079 ‚
1009 1040 1145 1070 Phedria
1154 1065 1161 1078 ,

163 1100 264 1141 Cupio
277 1099 400 1142 aliquos
413 1110 527 1140 parare
539 1100 657 1129 amicos
670 1098 822 1129 beneficio
836 1110 916 1130 meo.

161 1160 213 1198 Id,
230 1159 344 1190 amabo
353 1185 361 1198 ‚
374 1159 485 1201 adjuta
496 1170 546 1189 me
555 1184 563 1198 ‚
578 1161 642 1201 quo
655 1158 689 1189 id
701 1158 758 1189 fiat
770 1158 903 1189 facilius.

162 1222 234 1252 Sine
246 1220 339 1251 illum
352 1221 472 1262 priores
485 1227 590 1262 partes
604 1220 696 1251 hosce
710 1219 834 1263 aliquot
847 1220 912 1251 dies

162 1282 256 1324 Apud
268 1294 318 1314 me
331 1282 460 1314 habere.
475 1281 561 1313 Nihil
574 1281 766 1323 respondes?

580 1419 598 1438 P
605 1417 627 1438 H
635 1419 653 1439 E
660 1419 681 1438 n
688 1418 708 1438 n
717 1419 727 1438 1
736 1418 755 1438 A
761 1431 768 1437 .

776 1468 913 1499 Pessima
922 1471 929 1498 Ξ

164 1529 260 1572 Egon’
272 1530 449 1573 quidquam
462 1540 534 1560 cum
546 1530 613 1560 istis
625 1529 716 1560 factis
730 1530 789 1561 tibi
802 1529 1029 1572 respondeam?

573 1602 591 1623 Ρ
600 1603 620 1623 Α
628 1603 647 1623 R
655 1602 679 1623 M
687 1603 705 1623 Ε
713 1603 733 1623 Ν
742 1604 771 1624 o.

165 1657 211 1683 Eu
224 1659 342 1691 noster,
355 1652 462 1683 laudo.
478 1652 621 1683 Tandem
635 1652 814 1694 perdoluit:
833 1654 880 1684 vir
892 1665 934 1684 es.
