1294 2149
192 98 249 125 16ss
597 95 782 124 ANDRIA.

629 175 648 194 n
657 176 699 194 Av
708 175 728 194 U
736 174 760 193 s.

722 226 799 254 Hem
808 247 816 260 ‚
831 233 901 266 quae
913 223 978 254 haee
991 229 1037 254 est
1050 223 1177 254 fabula?

188 286 254 317 Eho
263 310 271 324 ‚
286 286 399 328 Mysis,
412 296 491 327 puer
504 285 555 315 hic
568 284 654 315 uude
666 286 731 315 est?
744 285 859 324 Quisve
872 283 935 314 huc
947 283 1075 314 attulit?

628 414 755 434 MYSIS.

188 467 282 498 satin⁷
296 478 391 498 sanus
403 477 450 503 es,
465 467 521 509 qui
533 477 582 496 me
596 465 628 496 id
641 465 778 506 rogites?

626 595 646 614 D
655 590 696 615 Av
706 595 726 615 u
734 596 758 615 s.

758 645 859 684 Quem
868 655 925 687 ego
938 643 1038 687 igitur
1050 655 1156 687 rogem
1163 647 1177 675 Ρ

189 709 250 748 Qui
263 708 315 738 hie
328 707 485 738 neminem
499 706 597 738 alium
609 706 711 737 video.

597 785 786 807 canemus

713 835 814 866 Miror
826 835 912 866 unde
924 835 975 866 sit.

627 908 647 927 ι)
656 907 697 927 Av
705 906 725 926 u
733 907 757 927 s.

189 957 350 989 Dicturan’
363 969 394 988 es
407 959 493 1001 quod
508 959 603 1000 rogo?

631 1028 655 1048 M
663 1028 681 1048 x*
690 1030 703 1049 s
715 1029 725 1049 1
733 1029 757 1048 s.

605 1080 667 1109 Au!

628 1160 647 1178 D
656 1160 697 1178 AV
705 1159 725 1178 U
734 1159 758 1178 S.

672 1207 815 1238 Concede
828 1206 869 1238 ad
882 1206 1053 1238 dexteram.

634 1278 657 1297 M
665 1277 684 1297 Y
692 1278 722 1297 Sl
732 1278 755 1297 s.

188 1328 324 1364 Deliras3
340 1339 403 1358 non
419 1334 485 1358 tute
497 1329 616 1369 ipse?...

628 1398 648 1418 n
656 1399 698 1418 Av
707 1399 726 1418 υ
735 1398 758 1418 s.

626 1448 765 1478 Verbum
778 1449 803 1478 si
814 1447 894 1479 mihi

188 1511 295 1540 Unum
305 1534 312 1546 ,
326 1509 535 1551 praetercsuixm
547 1508 634 1551 quod
648 1515 678 1540 te
690 1519 767 1551 rogo
776 1533 784 1547 ,
798 1508 893 1547 faxis,
906 1507 1002 1540 caves

632 1585 654 1605 m
663 1585 681 1604 γ
690 1586 703 1605 s
714 1586 724 1606 1
733 1585 757 1605 s.

191 1634 361 1666 Maledicis.

632 1705 651 1724 D
661 1705 701 1724 AV
711 1705 728 1723 1³
739 1705 762 1723 S.

369 1756 458 1785 vnde
472 1756 536 1786 est?
551 1756 603 1785 Dic
617 1754 711 1785 clarit.
