1294 2149
216 154 222 170 1
232 144 247 172 5
255 153 269 171 2
591 145 614 171 E
624 145 647 172 {j
657 144 681 171 N
692 145 718 172 U
726 144 749 172 C
757 145 783 172 H
795 145 819 172 U
827 145 855 172 S.

208 213 347 244 Reddere
356 238 363 250 ‚
379 225 414 244 ac
427 213 608 250 restituere,
626 214 690 244 haec
704 222 800 256 atque
813 214 995 255 hujusmodi
1008 225 1077 246 sum
1089 215 1190 246 multa

250 284 347 314 passa.
369 269 371 271 ¹

616 404 634 421 c
643 403 662 422 H
673 404 690 423 r.
701 404 718 423 Ε
727 404 750 422 ,u
759 405 776 423 Ε
783 405 806 424 s.

209 454 268 483 Ubi
281 465 316 483 ea
330 456 394 483 est?

645 525 663 543 T
672 524 692 543 11
702 516 739 544 A}
749 525 773 543 s.

396 582 486 612 Domi
499 582 585 624 apud
597 593 657 612 me.

615 654 632 673 c
641 654 662 674 Η
671 654 690 674 Ρ.
699 655 716 674 E
724 654 748 673 M
756 655 773 674 ε
782 656 805 673 s.

670 704 783 735 Ehem!

645 776 664 795 T
672 776 693 795 Η
703 776 722 795 A
729 767 742 795 ἰ’
749 776 774 795 s.

792 824 877 864 Quid
890 827 955 854 est?

204 885 326 916 Educta
337 885 399 920 ita,
414 886 461 915 uti
476 893 586 927 teque,
601 884 721 927 illzique
736 885 868 926 dignum
881 891 936 915 est.

612 956 802 976 cnassufis

845 1004 930 1044 Quid
943 1005 1006 1034 ais?

642 1085 660 1104 T
670 1085 689 1104 n
701 1077 738 1104 A}
747 1085 770 1103 s.

945 1133 981 1163 ld
995 1132 1081 1175 quod
1093 1143 1143 1163 res
1156 1140 1211 1163 est.

202 1199 289 1226 llanc
303 1194 363 1225 tibi
378 1194 462 1224 douo
476 1194 533 1231 do,
549 1205 652 1236 neque
665 1200 774 1235 repeto
787 1205 846 1235 pro
860 1192 916 1223 illa
928 1193 984 1224 abs
997 1200 1027 1224 te
1038 1192 1213 1236 quidquam

245 1256 351 1298 pretii.

610 1325 799 1346 CHREMES

200 1380 239 1408 Et
251 1377 398 1414 habetur,
413 1383 444 1407 et
456 1377 623 1413 referetur,
637 1376 750 1413 Thais,
765 1377 783 1406 ἐι
795 1387 844 1406 me
853 1400 861 1413 ‚
875 1375 921 1406 ita
933 1377 981 1405 uti
994 1375 1108 1406 merita
1120 1386 1167 1411 es,

201 1439 319 1468 Gratia.

640 1517 658 1536 T
668 1516 687 1536 u
698 1508 736 1536 A'x'
747 1517 770 1535 s.

334 1571 373 1597 At
387 1567 471 1597 enim
484 1578 557 1597 cave
567 1590 574 1602 ,
589 1578 628 1597 ue
643 1567 730 1608 priiis
745 1567 840 1608 quiun
853 1565 935 1596 hanc
949 1566 967 1596 ὲι
978 1576 1028 1596 me
1041 1564 1191 1606 accipiaS,

402 1628 545 1665 amittas,
561 1627 704 1658 Chreme.

199 1691 276 1719 Nam
290 1687 355 1718 haec
368 1699 404 1718 ca
418 1695 463 1719 cst
472 1712 479 1725 ‚
495 1700 591 1730 quam
605 1687 695 1718 miles
708 1689 727 1718 ὰ
738 1699 788 1719 me
800 1688 831 1717 vi
845 1698 931 1718 nunc
943 1693 1088 1728 ereptum
1100 1685 1198 1716 venit.

199 1748 258 1778 Abi
273 1755 307 1778 tu
317 1772 324 1785 ‚
340 1747 511 1785 cistellam,
525 1748 672 1790 Pythias,
688 1748 780 1779 domo
796 1748 875 1778 effer
888 1758 959 1778 cum
972 1745 1194 1777 monumentis.
