1294 2149
235 120 274 148 35
647 123 831 150 ANDRIA.

557 291 790 341 SCENA
825 293 916 343 IV.

658 416 683 443 D
693 415 742 443 AV
753 416 779 442 U
790 415 818 442 S.

233 559 399 588 Enimverb
408 582 415 594 ‚
430 559 513 586 Dave
522 581 530 594 ,
545 555 624 586 nihil
638 556 699 586 loci
712 562 758 586 est
770 557 924 598 segnitiae,
939 567 1041 598 neque
1054 557 1202 587 socordiae
1211 581 1217 593 ‚

233 618 396 658 Quantixm
409 617 552 648 intellexi
564 616 658 646 modb
672 617 754 647 senis
766 617 955 647 sententiam
967 616 1005 647 de
1019 618 1146 658 nuptiis.

234 680 324 716 Quae,
338 677 364 707 si
377 687 443 707 nou
456 682 525 706 astu
540 675 758 717 providentur,
772 686 822 706 me
841 682 897 706 aut
916 675 1028 706 herum
1045 676 1220 717 pessumda-

278 738 370 768 hunt.

235 802 294 829 Nec
311 798 389 841 quid
409 808 501 840 agam
519 804 641 829 certum
659 804 721 828 est:
744 797 984 839 Pamphilumne
1003 797 1158 839 adjutem,
1179 810 1219 829 an

276 858 450 889 auscultem
463 857 540 897 seni.

233 919 264 948 si
277 918 366 949 illum
380 918 546 960 relinquo,
561 917 626 959 ejus
645 917 717 947 vitae
738 917 842 947 timeo.
865 917 919 946 Sin
938 917 1088 958 opitulor,
1107 916 1200 957 hujus

278 979 393 1015 minas,

235 1041 292 1072 Cui
304 1039 401 1070 verba
413 1039 489 1070 dare
503 1037 632 1069 difficile
646 1044 702 1069 est.
718 1038 857 1068 Primam
872 1037 939 1078 jam
958 1037 996 1067 de
1015 1048 1121 1068 amore
1140 1036 1200 1068 hoc

278 1100 441 1141 comperit.

235 1166 284 1194 Me
300 1163 440 1194 infensus
453 1168 573 1199 servat,
588 1172 626 1193 ne
641 1173 737 1204 quam
750 1162 863 1192 faciam
876 1163 910 1192 iu
923 1162 1042 1202 nuptiis
1056 1161 1225 1191 fallaciam.

235 1226 265 1256 Si
278 1226 427 1264 senserit,
441 1226 519 1267 perii
532 1237 538 1255 1
553 1232 608 1255 aut
617 1251 624 1263 ‚
638 1226 664 1255 si
677 1225 814 1255 lubitum
827 1225 939 1262 fuerit,
954 1235 1078 1255 causam
1091 1225 1226 1266 ceperit,

235 1290 304 1327 Quo
317 1286 405 1328 jure,
425 1287 552 1329 qudque
571 1285 703 1326 injuria,
726 1286 915 1326 praecipitem
934 1296 983 1315 me
1002 1286 1035 1314 iu
1055 1285 1221 1325 pistrinum

279 1347 379 1377 dabit.

235 1412 281 1443 Ad
295 1411 360 1442 haec
373 1411 473 1449 mala,
487 1411 547 1441 hoc
560 1413 602 1441 mi
616 1411 737 1442 accedit
750 1411 845 1442 etiam
859 1422 866 1440 ε
881 1411 944 1441 haec
959 1410 1092 1448 Andria,

236 1471 304 1502 Sive
318 1471 378 1501 ista
391 1481 480 1508 uxor,
492 1471 556 1502 sive
570 1471 671 1501 amica
682 1477 744 1508 est,
759 1470 889 1513 gravida
901 1472 917 1500 ὲ
930 1469 1094 1511 Pamphilo
1108 1476 1163 1500 est.

236 1531 416 1573 Audireque
430 1542 538 1561 eorum
551 1538 597 1561 est
611 1542 712 1572 operae
726 1531 864 1572 pretium
876 1530 1056 1565 audaciam;

235 1595 314 1622 Nam
328 1593 475 1633 incoeplio
489 1599 534 1623 est
547 1592 735 1630 amentium,
749 1591 836 1623 haud
849 1593 1034 1622 amantium.

237 1650 400 1693 Quidquid
415 1650 601 1691 peperisset,
616 1650 824 1681 decreverunt
839 1650 964 1685 tollerc;

238 1714 274 1742 Et
289 1710 412 1753 fingunt
426 1711 586 1754 quandam
600 1713 683 1742 inter
696 1723 727 1742 se
742 1723 825 1742 nunc
836 1712 990 1742 fall-wicun
1002 1736 1009 1747 ‚

238 1771 344 1802 Civem
359 1772 493 1803 Atticam
507 1783 570 1803 esse
585 1772 676 1803 lmus.
694 1774 765 1803 Fuit
780 1773 853 1803 olim
868 1773 996 1814 quidam
1011 1782 1102 1802 senex
