1294 2149
235 148 291 166 αι).
649 136 833 164 ANDRIA.

673 216 691 236 c
699 217 717 237 n
727 217 736 235 1
744 217 762 236 τ
771 216 798 237 o.

954 264 1068 295 Videat
1080 265 1136 306 qui
1148 266 1214 295 siet.

231 325 261 355 Si
274 325 353 356 mihi
367 325 485 366 pergit,
499 334 569 366 quae
582 324 668 360 vult,
682 324 802 360 dicere3
817 335 870 362 ea,
884 334 952 366 quae
972 335 1037 354 non
1055 324 1142 363 vult,
1161 335 1216 355 au-

275 385 350 416 diet.

231 449 295 487 Ego
307 445 389 475 istaec
399 454 510 474 moveo
521 449 576 473 aut
589 445 684 473 curo?
697 445 767 473 Non
777 449 812 473 tu
824 449 914 474 tuum
924 443 1043 474 malum
1052 454 1141 486 aequo
1153 443 1218 474 ani-

275 516 324 535 mo
339 505 438 534 feres?

232 567 311 595 Nam
323 575 380 606 ego
393 574 463 606 quae
476 563 544 594 dico
554 588 562 601 ,
575 573 651 594 vera
662 574 704 593 au
723 562 803 593 falsa
820 562 974 602 audieris,
988 563 1056 604 jam
1074 564 1146 594 sciri
1164 574 1218 605 po-

274 632 345 656 test.

232 687 352 718 Atticus
366 686 498 729 quidam
510 685 588 716 olim
607 687 681 716 navi
698 686 817 724 fracta,
836 685 921 727 apud
940 685 1084 716 Andrum
1103 686 1218 727 ejectus

276 754 337 785 est,

231 813 269 840 Et
281 810 363 840 istaec
377 811 441 839 unz}
454 819 551 850 parva
564 808 664 850 virgo.
678 808 762 838 Tfnn
778 807 832 838 ille
851 819 960 850 egens,
980 808 1061 839 forth
1080 807 1218 850 applicat

231 871 370 901 Primum
383 870 423 901 ad
438 869 600 912 Chrysidis
613 876 735 910 patrem
750 880 790 899 se.

686 951 700 970 s
707 951 718 971 1
728 950 751 970 M
759 950 787 970 ο.

789 1001 942 1032 Fabulam
955 1001 1116 1043 incoeptat.

640 1072 827 1093 cunsnns

1134 1121 1215 1152 Sine.

670 1192 686 1211 c
696 1191 713 1211 n
723 1192 733 1211 1
745 1192 763 1211 τ
771 1191 800 1211 ο.

232 1243 320 1271 Ῑῐὲιηε
333 1243 407 1272 verb
421 1241 593 1273 obturbat?

639 1317 829 1337 cunnus&

597 1371 702 1410 Perge.

671 1438 687 1457 c
697 1438 715 1458 n
725 1439 734 1459 ι
745 1439 763 1458 τ
771 1439 800 1458 o.

714 1489 796 1518 Tiun
810 1488 835 1519 is
848 1488 924 1519 mihi
939 1495 1090 1531 cognatus
1103 1488 1180 1526 fuit,

232 1546 293 1585 Qui
305 1556 377 1576 eum
390 1547 517 1587 recepit.
534 1547 581 1577 lbi
594 1558 651 1589 ego
665 1547 771 1578 audivi
785 1559 822 1578 ex
836 1548 891 1579 illo
900 1574 908 1586 ,
920 1560 984 1580 sese
997 1560 1060 1580 esse
1072 1549 1220 1580 Atticum.

230 1609 258 1637 Is
271 1606 314 1636 ibi
328 1614 471 1638 mortuus
485 1615 540 1638 est.

639 1685 829 1706 CHREMES.

562 1734 632 1774 Ejus
647 1737 781 1765 nomen?
