1294 2149
210 144 247 174 28
620 146 805 174 ANDsslA.

652 224 711 244 sos
724 224 733 244 ι
744 225 774 244 Α.

689 275 909 315 Quapropter?

662 345 674 364 s
683 345 693 364 1
702 344 761 364 ³10.

912 399 1030 439 Rogas?

208 457 292 488 Mala
304 468 390 487 mens
399 481 406 493 ‚
421 456 522 487 malus
536 456 658 487 animus
673 468 679 486 z
694 467 789 499 quem
805 457 933 500 quidem
945 469 1002 500 ego
1015 459 1041 488 si
1053 453 1215 489 senseras-

209 517 267 547 Sed
281 517 359 559 quid
372 527 450 557 opus
463 523 509 547 est
522 517 645 547 verbis?
657 517 712 546 Sin
725 517 868 556 eveniat,
882 518 968 560 quod
980 518 1068 556 volo,

208 579 245 607 ln
258 576 421 618 Pamphilo
435 582 471 607 ut
484 575 565 606 nihil
578 577 618 607 sit
630 587 741 615 morae,
754 584 853 608 restat
866 578 1031 617 Chremes,

210 636 272 676 Qui
284 636 362 667 mjhi
375 637 551 667 exorandus
565 643 626 667 est:
642 642 674 667 et
686 648 777 678 spero
791 637 930 668 confore.

210 699 298 726 Nunc
312 702 401 727 tuum
415 703 461 727 est
474 695 629 735 officium,
644 696 699 727 has
712 696 792 728 hene
805 703 842 728 ut
855 697 1024 728 adsimules
1035 697 1180 739 nuptias,

210 757 449 788 Perterrefacias
463 761 600 796 Davum,
615 757 760 789 observes
772 757 873 789 filium
882 783 890 796 ‚

211 817 296 859 Quid
308 825 381 860 agat
389 844 397 857 ,
410 818 489 862 quid
501 830 573 849 cum
584 818 640 850 illo
654 818 778 850 consilii
789 825 905 860 captet.

662 957 674 977 s
682 957 701 977 o
709 957 723 977 s
731 957 741 977 ι
751 958 769 978 A
775 970 781 976 .

919 1007 972 1036 Sat
983 1011 1040 1036 est.

213 1065 348 1095 Curabo.
363 1068 475 1096 Eamus
484 1065 551 1106 jam
565 1076 649 1095 nunc
662 1065 757 1096 intrb.

669 1143 769 1164 SIMO.

757 1197 770 1224 1
784 1203 846 1235 prae
857 1218 865 1231 ‚
878 1203 1003 1235 sequor.

550 1354 781 1404 SCENA
818 1356 885 1403 II.

681 1479 804 1508 s1MO.

216 1604 285 1632 Non
298 1601 431 1633 dubium
444 1609 490 1633 est
503 1602 582 1645 quin
595 1614 725 1634 uxorem
738 1602 821 1633 nolit
835 1602 917 1634 filius
930 1615 936 1633 ε

216 1663 263 1692 lta
276 1664 397 1693 Davum
409 1663 503 1694 modo
517 1664 627 1694 timere
640 1665 738 1702 sensi,
751 1662 808 1693 uhi
820 1665 949 1704 nuptias

216 1724 351 1754 Futuras
364 1734 428 1755 esse
441 1724 574 1755 audivit.
589 1724 648 1756 Sed
662 1725 727 1767 ipse
739 1726 803 1755 exit
816 1724 908 1755 for-31⁵.
