1294 2149
242 107 284 137 68
611 108 875 137 EUNUCHUS.

660 187 677 207 c
685 186 707 206 Η
715 187 733 207 13
740 187 759 207 n
768 187 786 207 E
794 187 824 207 A.

527 239 626 266 Duras
639 236 746 266 fratris
759 242 864 277 partes
877 235 1036 277 praedjcas.

647 306 665 326 P
674 306 693 325 Α
702 306 721 326 R
728 305 752 325 Μ
761 307 778 326 E
785 307 805 326 N
813 307 842 326 0.

242 355 307 385 Ιιῃὺ
317 354 400 385 euim
408 379 416 392 ‚
427 355 452 385 si
461 354 538 384 scias
549 355 635 397 quod
644 355 765 385 donum
774 355 848 385 huic
857 355 942 386 dono
951 355 1062 386 contria
1073 361 1250 397 comparet,

241 419 323 446 Tum
335 416 434 458 magis
447 415 479 445 id
492 416 586 446 dicas.

661 485 678 505 c
687 485 708 505 11
716 487 733 505 E
741 486 760 506 R
768 486 786 506 Ε
794 486 824 506 Α.

550 535 718 576 Quodnam
726 562 734 574 ‚
749 547 852 578 quaeso
867 536 992 568 hercliz‘?

646 607 665 627 P
674 608 693 627 A
702 607 721 627 R
729 607 753 627 M
762 608 779 627 E
787 608 807 627 N
816 609 844 629 0.

882 656 1080 687 Eunuchum.

661 727 678 747 c
686 727 707 747 Η
715 728 732 748 E
739 728 758 748 R
766 728 784 748 E
793 728 824 748 A.

947 776 1082 807 Illumne
1091 802 1098 816 ,
1112 776 1240 807 obsecro
1248 802 1255 814 ‚

242 835 450 866 Inhonestum
462 835 623 866 homiuem
631 861 639 875 ,
652 847 749 879 quem
760 842 917 867 mercatus
930 842 977 867 est
990 837 1080 867 heri?
1092 840 1202 871 Senem
1210 861 1218 874 ,

287 895 470 926 mulierem?

650 966 669 985 Ρ
678 966 696 985 Α
704 965 723 985 R
732 965 756 985 M
764 966 781 985 E
790 966 809 985 N
818 967 847 986 o.

244 1018 350 1046 Istunc
362 1016 474 1057 ipsum.

662 1087 680 1107 c
687 1087 709 1107 Η
717 1088 735 1108 Ε
743 1089 762 1108 R
771 1089 788 1108 E
796 1089 826 1108 Λ.

488 1139 587 1167 Homo
601 1137 763 1179 quatietur
775 1138 859 1168 certe}
872 1147 945 1167 cum
957 1136 1041 1168 dono
1055 1136 1147 1168 foras.

246 1196 304 1226 Sed
317 1196 408 1226 istam
421 1195 575 1226 Thaidem
589 1206 655 1226 non
668 1196 743 1226 scivi
756 1196 846 1226 nobis
858 1196 1002 1226 vicinam.

651 1339 846 1360 PARMENQ

1025 1387 1117 1419 llaud
1129 1387 1184 1419 diu
1197 1394 1252 1419 est.

669 1467 685 1486 c
695 1466 715 1486 n
723 1467 741 1487 E
749 1467 768 1487 n
775 1467 793 1486 E
800 1467 831 1486 A.

247 1517 342 1547 Perii!
357 1519 579 1559 Numquamne
592 1517 688 1547 etiam
699 1527 748 1550 me
761 1516 850 1548 illam
861 1516 992 1548 vidisse?
1005 1516 1149 1548 Ehodtun
1158 1541 1166 1555 ,
1179 1515 1229 1547 dic

290 1577 382 1616 mihi,

248 1642 340 1669 Estne
350 1664 357 1676 ,
371 1646 405 1669 ut
419 1639 530 1678 fertur,
545 1638 684 1670 formfid?

654 1711 848 1732 PARMENO.

599 1763 687 1791 Sanie.
