1294 2149
113 125 154 161 45
527 126 714 155 ANnnlA.

112 194 252 225 Laborat
264 195 281 225 ὲ
294 194 403 231 dolore
418 205 426 224 z
439 200 537 237 atque
550 205 589 225 ex
601 193 662 225 hoc
674 195 787 226 misera
799 195 936 227 sollicita
947 204 994 228 est
1006 221 1014 234 ‚
1027 197 1112 229 diem

112 257 195 296 Quia
207 256 285 287 olim
297 257 331 286 in
344 256 431 293 hune
444 263 519 287 sunt
533 257 714 288 constitutae
730 259 848 299 uuptjae
861 270 867 288 :
888 259 956 290 tum
975 265 1081 290 autem

155 316 217 347 hoc
231 316 338 353 timet,

111 379 157 407 Ne
169 375 293 407 deseras
306 387 347 407 se.

495 454 513 474 P
521 455 541 474 A
550 453 574 473 Μ
582 454 600 474 P
610 453 631 473 n
641 454 652 474 1
662 455 678 474 1.
686 454 708 474 u
716 455 739 474 s.

352 504 446 540 Hem,
461 512 560 543 egone
574 502 654 532 istuc
667 503 777 533 conari
789 505 923 545 queam?

112 564 176 602 Ego
189 566 320 602 propter
332 571 382 591 me
396 560 483 591 illam
497 561 599 602 decipi
611 562 759 593 miseram
772 564 893 593 sinam?

113 622 189 660 Quae
201 620 280 650 mihi
293 631 385 650 suum
398 621 539 651 animum
553 627 649 664 atque
663 632 790 653 omnem
802 623 900 654 vitam
913 624 1057 655 credidit.

113 683 214 721 Quam
227 692 284 723 ego
297 681 404 711 animo
418 681 540 723 egregie
553 693 659 712 caram
672 694 729 723 pro
743 693 840 714 uxore
852 683 1037 721 habuerin13

112 744 194 772 Bene
208 749 239 773 et
253 743 367 784 pudice
380 742 446 784 ejus
460 743 588 774 doctum
602 750 699 786 atque
713 745 863 776 eductum
875 746 977 777 sinam
987 771 996 784 ,

113 806 264 833 Coactum
277 810 413 845 egestate
423 828 431 841 ‚
446 804 612 846 ingenium
624 806 843 837 immutarier?

113 864 182 892 Non
195 862 318 893 faciam.

559 1001 584 1022 m
592 1001 611 1021 Y
619 1003 633 1021 s
643 1003 654 1023 1
662 1003 686 1022 s.

334 1049 426 1080 Haud
439 1061 559 1090 vereor,
573 1051 600 1082 si
613 1052 647 1082 in
661 1058 692 1082 te
705 1052 772 1083 solo
784 1053 825 1084 sit
837 1054 941 1084 situm.

114 1109 173 1140 Sed
185 1110 250 1141 vim
263 1117 300 1141 ut
313 1121 410 1153 queas
423 1111 544 1142 ferre...

497 1193 515 1213 Ρ
524 1194 543 1212 Α
552 1193 576 1213 Μ
585 1193 602 1213 Ρ
610 1193 631 1212 Η
640 1194 650 1213 1
658 1194 675 1213 L
682 1193 702 1213 U
711 1193 734 1212 s.

551 1240 668 1272 Adeon’
681 1253 730 1272 me
744 1242 896 1284 ignavum
909 1246 1022 1284 putas?

114 1297 229 1330 Adeon'
242 1302 337 1341 porro
350 1301 512 1342 ingratum
521 1327 530 1340 ,
539 1309 595 1332 aut
607 1302 835 1342 inhumanum,
849 1310 904 1334 aut
917 1304 1019 1335 ferum
1030 1330 1039 1342 ‚

113 1362 158 1390 Ut
171 1371 274 1402 neque
287 1371 336 1391 me
350 1361 545 1392 consuetudo
553 1387 562 1401 ‚
576 1373 680 1405 neque
693 1375 791 1401 amor,
806 1376 909 1407 neque
923 1365 1027 1406 pudor

115 1422 332 1459 Commoveat,
346 1432 451 1463 neque
465 1429 680 1460 commoneat,
693 1431 730 1454 ut
743 1435 864 1455 servem
875 1424 989 1455 fidem?

559 1493 583 1513 M
591 1493 610 1513 Y
618 1494 632 1514 s
641 1495 651 1514 1
661 1495 684 1514 s.

114 1542 222 1571 Unum
236 1540 296 1571 hoc
309 1542 371 1572 scio
381 1566 389 1579 ,
404 1541 486 1573 hanc
500 1544 644 1575 meritam
657 1555 722 1575 esse
734 1552 770 1576 ut
783 1556 902 1576 memor
915 1557 994 1577 esses
1007 1548 1070 1577 sui.

499 1681 516 1700 P
525 1681 544 1701 A
553 1681 575 1700 m
585 1682 602 1701 P
612 1682 630 1701 n
642 1682 679 1703 ιι
686 1683 705 1702 υ
714 1683 737 1702 s.

117 1727 235 1756 Memor
249 1729 359 1758 essem!
375 1729 393 1758 ὁ
407 1729 518 1770 Mysis,
535 1732 645 1771 Mysis,
658 1732 753 1762 etiam
768 1744 852 1763 nuuc
865 1732 942 1764 mihi
