1294 2149
216 95 276 133 ¹94
630 94 817 123 ANDRIA.

656 174 676 192 D
684 173 726 193 Av
736 174 756 193 U
766 174 789 192 s.

214 223 353 255 Mihine?

671 294 684 313 s
693 295 703 314 1
712 293 772 314 uo.

345 345 415 375 Tibi
428 345 513 385 ergb.

656 416 677 435 D
686 414 728 435 AV
737 415 790 435 us.

454 464 550 495 Mod&
564 464 686 495 introii.

669 537 682 556 s
691 537 701 556 1
710 536 734 556 M
742 537 770 557 ο.

596 587 694 626 Quasi
706 596 763 627 ego
771 611 780 624 ,
794 586 892 628 quizm
905 585 1029 617 dudum
1041 586 1074 618 id
1086 597 1205 629 rogem.

658 665 679 684 D
688 664 729 684 av
738 665 758 684 u
766 664 790 684 s.

214 720 294 747 Cum
308 723 364 747 tuo
378 721 475 758 gnato
489 716 564 745 unii.

669 785 683 804 s
692 785 702 804 1
711 785 772 805 ⁴uo.

481 837 571 863 Anne
585 840 630 863 est
644 833 731 863 intus
744 833 947 874 Pamphilus?
960 834 1092 864 Crucior
1103 835 1207 864 miser.

218 896 282 927 Eho
291 922 299 933 ‚
314 907 378 927 non
394 902 429 925 tu
442 894 522 926 dixti
535 905 599 925 esse
612 894 699 924 inter
711 905 763 924 eos
776 894 972 933 inimicitias,
984 894 1144 926 carnifex?

657 1033 677 1052 D
687 1032 756 1053 Avu
766 1033 789 1052 s.

214 1088 302 1115 Sunt.

671 1154 685 1173 s
695 1154 703 1173 1
713 1153 736 1172 M
745 1154 774 1173 o.

280 1209 345 1235 Cur
360 1203 459 1245 igitur
472 1203 524 1233 hie
538 1204 603 1233 est?

633 1270 820 1291 canemus

587 1321 672 1361 Quid
686 1321 779 1351 illum
791 1323 917 1352 censes?
930 1323 1009 1352 Cum
1021 1321 1078 1352 illa
1090 1322 1203 1366 litigat,

657 1393 677 1412 o
686 1393 727 1412 ΛΥ
736 1393 756 1412 U
765 1393 789 1412 s.

214 1448 279 1477 Ιηιὸ
292 1447 366 1476 verb
376 1471 383 1483 ‚
397 1444 582 1487 iudignum,
597 1443 730 1474 Chreme
739 1468 747 1479 ‚
758 1443 823 1484 jam
838 1444 961 1475 facinus
974 1445 1045 1475 faxo
1059 1456 1096 1475 ex
1108 1456 1158 1475 me
1171 1457 1229 1476 au-

257 1507 335 1538 dias.

212 1569 320 1599 Nescio
335 1567 406 1610 quis
419 1577 513 1597 senex
525 1565 620 1596 modi)
633 1564 740 1596 venit:
755 1564 868 1603 ellum,
882 1564 1060 1602 confidens,
1074 1573 1162 1597 catus
1175 1578 1181 1596 ε

212 1632 292 1661 Cum
306 1630 417 1660 faciem
430 1640 442 1657 x
453 1628 552 1664 ideas,
566 1626 693 1657 videtur
706 1638 770 1657 esse
784 1627 945 1669 quantivis
959 1629 1041 1667 preti
1056 1638 1063 1656 z

211 1691 321 1721 Tristis
335 1689 484 1720 severitas
498 1689 579 1718 inest
595 1688 625 1717 in
639 1687 733 1717 vultu
743 1713 750 1723 ‚
763 1693 860 1728 atque
874 1688 904 1717 in
920 1687 1023 1717 verbis
1036 1686 1120 1717 fidos.
