1294 2149
249 137 305 163 180
618 135 874 163 EUNUCHUS.

579 276 811 326 SCENA
847 278 914 325 II.

436 384 637 419 CHEREA,
666 384 820 418 THAlS,
848 384 1057 413 PYTHIAS.

667 517 683 536 c
694 517 713 536 H
725 518 742 537 Ε
750 518 768 537 R
778 518 795 537 Ε
803 519 833 537 A.

246 567 337 608 Apud
351 566 565 608 Antiphonem
579 573 715 609 uterque
725 591 732 602 ‚
747 574 848 597 mater
861 574 892 598 et
905 574 1005 609 pater,

246 628 342 668 Quasi
356 628 464 657 dedita
477 628 589 669 operd,
604 627 690 658 domi
703 635 811 665 erant,
825 635 862 658 ut
874 628 964 659 nullo
977 630 1070 660 modo

246 688 382 719 Introire
394 699 530 730 possem,
545 689 625 730 quin
637 688 783 719 viderent
796 700 854 719 me.
870 689 1002 720 Interim

247 753 328 780 Dum
341 756 414 779 aute
428 749 542 779 ostium
557 756 604 779 sto
613 773 620 785 ‚
635 756 729 780 notus
741 749 821 780 mihi
834 750 966 792 quidam
979 750 1104 781 obviam

248 811 351 841 Venit.
367 811 429 840 chi
443 810 524 847 vidi,
540 822 596 851 ego
609 822 658 841 me
672 811 706 840 iu
720 811 829 852 pedes,
844 812 1000 854 quantum
1013 823 1094 854 queo
1105 836 1112 849 ‚

247 874 283 901 In
296 871 500 913 angiportum
513 872 674 913 quoddam
688 872 860 908 desertum;
876 872 951 903 inde
964 872 1040 903 item

248 935 283 963 In
297 931 385 962 aliud
395 957 402 969 ,
418 932 492 963 inde
506 932 539 962 in
553 932 657 963 aliud:
672 933 717 963 ita
729 933 922 963 miserrimus

250 994 307 1023 Fui
321 994 488 1035 fugitando
499 1018 505 1030 ‚
521 1005 560 1024 ne
574 994 645 1036 quis
658 1005 706 1024 me
721 1001 932 1036 cognosceret.

249 1054 308 1084 Sed
321 1060 407 1084 estne
420 1054 485 1085 haee
497 1054 592 1085 Tha'is
601 1079 608 1091 ,
623 1065 719 1097 quam
731 1055 843 1086 video?
855 1059 924 1097 Ipsa
937 1062 992 1086 est.
1007 1058 1124 1086 Haereo.

250 1113 334 1153 Quid
349 1114 479 1144 faciam?
494 1114 578 1154 Quid
591 1126 661 1145 mea
674 1117 798 1146 autem?
811 1115 896 1155 Quid
909 1115 1003 1146 faciet
1014 1115 1112 1146 mihi?

690 1321 709 1340 T
717 1320 738 1340 Η
748 1321 767 1340 A
774 1312 784 1340 '1‘
792 1321 815 1340 s.

251 1369 414 1400 Adeamus.
431 1374 514 1401 Bone
527 1370 587 1408 vir,
601 1373 700 1407 Dore,
715 1370 815 1407 salve;
831 1370 882 1402 dic
894 1370 990 1408 mihi,

254 1429 456 1471 Aufugistin'?

673 1500 690 1520 c
700 1501 719 1520 H
730 1502 747 1521 E
756 1501 775 1521 R
783 1501 800 1521 E
809 1502 839 1521 A.

463 1554 558 1587 Hera,
574 1551 702 1582 factum.

691 1631 709 1650 τ
718 1631 739 1650 u
749 1631 768 1651 A
776 1622 787 1650 ἰ’
795 1631 818 1650 s.

715 1679 810 1710 satin'
824 1680 857 1710 id
871 1680 930 1710 tibi
946 1679 1066 1721 piacet?

679 1753 695 1770 Γ.
705 1753 723 1771 H
735 1753 775 1771 PR
788 1753 804 1771 F,
815 1753 830 1771 Λ
838 1765 842 1769 .

257 1803 331 1830 Non.
