1294 2149
383 281 867 347 PROLOGUS.

118 449 147 479 Si
160 450 330 490 quisquam
343 454 388 478 est
397 473 405 486 ‚
419 449 475 490 qui
487 448 610 489 placere
623 460 654 479 se
668 449 795 480 studeat
806 449 897 481 bonis

119 522 221 561 Quum
234 520 376 562 plurimis
386 546 393 559 ,
407 526 438 551 et
450 521 580 551 minime
592 521 710 551 multos
722 521 834 552 laedere
843 547 850 559 ,

118 598 154 624 In
167 594 216 625 his
229 599 323 635 poeta
335 594 386 625 hic
399 605 515 624 nomen
528 593 695 635 profitetur
708 601 822 625 51111111.Δ

116 667 140 693 T
143 665 197 694 um
209 665 234 695 si
248 666 317 707 quis
330 671 393 703 est,
406 666 463 708 qui
475 665 595 695 dictum
608 666 642 696 iu
655 677 686 696 se
698 665 919 697 inclementius

117 739 311 769 Existimavit
324 751 404 778 esse,
417 740 460 769 sic
473 740 627 770 existimet
639 751 646 769 ε

115 815 323 853 Responsum,
337 823 403 842 nou
416 812 536 842 dictum
549 823 612 842 esse
621 837 629 850 ‚
642 813 717 854 quia
730 812 808 842 laesit
820 813 917 853 prior,

114 884 175 923 Qui
188 884 268 914 bene
280 882 433 914 vertendo
442 909 450 922 ,
463 889 495 914 et
507 883 631 914 easdem
643 883 808 914 scribendo
819 884 902 915 male
911 909 918 920 ,

115 959 159 985 Ex
171 955 277 997 graecis
289 955 380 985 bonis
393 954 507 986 latinas
521 955 595 986 fecit
608 966 673 985 nou
686 955 795 986 bonas.

113 1028 200 1058 ldem
211 1027 381 1058 Menandri
392 1027 526 1057 Phasma
539 1038 625 1058 nunc
639 1038 741 1068 nuper
753 1027 840 1058 dedit
853 1039 859 1056 z

112 1102 216 1142 Atque
229 1100 263 1129 iu
275 1099 436 1129 Thesauro
449 1099 588 1139 scripsit,
601 1109 729 1128 causam
742 1098 845 1129 dicere

113 1170 218 1208 Prius,
230 1170 316 1200 unde
331 1171 459 1211 petitur,
472 1180 587 1199 aurum
600 1181 698 1213 quare
711 1170 752 1200 sit
763 1180 872 1206 suum,

112 1244 216 1283 Quum
231 1242 300 1280 ille,
316 1242 372 1284 qui
383 1243 479 1283 petit,
491 1242 577 1273 unde
590 1243 614 1273 is
627 1242 666 1272 sit
679 1241 846 1272 thesaurus
859 1241 933 1278 sibi,

110 1318 172 1346 Aut
184 1315 270 1345 unde
282 1316 317 1345 in
329 1316 469 1356 patrium
480 1322 723 1347 monumentlun
735 1315 924 1357 pervenerit.

110 1387 229 1417 Dehinc
238 1413 246 1426 ‚
260 1399 299 1418 ne
314 1388 485 1419 frustretur
497 1389 562 1429 ipse
574 1400 606 1419 se
615 1414 622 1426 ,
636 1394 692 1419 aut
705 1389 748 1418 sic
760 1388 876 1430 cogitet
885 1412 893 1424 ,

109 1459 359 1501 Defunctusjam
372 1471 458 1499 sum,
473 1460 553 1490 nihil
566 1467 613 1490 est
626 1459 713 1503 quod
728 1459 813 1489 dicat
825 1458 914 1489 mihi.

107 1534 136 1562 Is
150 1543 188 1561 ne
202 1539 302 1571 erret,
315 1544 429 1563 moneo
438 1558 446 1571 ‚
459 1538 490 1563 et
503 1532 626 1562 desinat
638 1532 798 1562 lacessere.

107 1603 214 1634 Habeo
228 1603 290 1634 alia
302 1605 420 1643 multa,
434 1616 505 1647 quae
519 1616 603 1635 nunc
617 1603 867 1639 condonabitur;

108 1678 184 1716 Quae
198 1677 401 1717 proferentur
414 1679 500 1719 post,
515 1678 539 1708 si
554 1683 663 1719 perget
676 1676 789 1707 laedere

106 1745 152 1775 lta}
162 1770 170 1783 ,
183 1751 219 1775 ut
234 1745 334 1776 facere
348 1745 495 1776 instituit.
512 1748 602 1776 Nunc
616 1756 713 1787 quam
726 1744 827 1775 acturi
842 1753 948 1774 sumus
