1294 2149
197 156 236 192 84
567 155 829 184 EUNUCHUS.

624 236 645 256 G
652 236 672 256 N
680 236 700 256 A
708 237 727 256 τ
735 237 762 256 o.

196 286 314 326 Quidni
327 287 425 317 esset?

601 355 618 374 P
628 355 647 374 A
654 354 675 374 R
682 354 707 373 M
714 354 732 373 E
740 354 760 373 N
767 355 795 374 o.

434 403 475 434 m
487 409 625 433 vestram
636 402 747 433 fidem!
762 404 927 434 Hominem
939 403 1099 445 perditum
1107 429 1115 442 ,

195 466 406 506 Miserumque
416 488 423 502 ,
437 469 469 493 et
481 463 573 493 illum
584 462 787 504 sacrilegum!

616 535 636 554 τ
645 535 665 554 Η
674 535 693 555 n
702 535 721 555 A
730 535 743 554 s
750 535 778 555 o.

787 583 871 623 Quid
884 583 980 623 illud,
994 587 1096 615 Gnato
1105 609 1112 623 ,

197 650 265 687 Quo
278 652 370 687 pacto
383 645 540 676 Rhodium
553 646 710 687 tetigerim
721 646 756 675 in
768 645 910 676 convivio
919 669 928 684 ,

195 707 367 749 Nunquz'un
379 705 438 736 tibi
449 706 532 736 dixi?

627 776 646 796 c
654 776 674 796 N
683 777 702 797 A
711 778 730 797 τ
737 777 765 797 ο.

538 828 724 870 Nunquam,
737 828 791 858 sed
804 838 899 858 narra
910 852 918 866 ,
932 828 1069 858 obsecro.

197 887 269 918 Plixs
281 886 394 918 millies
403 886 470 928 jam
482 886 598 916 audjvi.

617 958 635 977 ¹r
644 957 665 977 fl
673 957 693 977 R
702 958 721 977 A
729 958 742 977 s
749 958 778 978 o.

479 1006 552 1037 Unil
563 1007 597 1036 in
609 1007 753 1037 convivio

196 1073 272 1099 Erat
284 1068 335 1099 hic
343 1094 351 1106 ⁷
363 1079 459 1110 quem
471 1068 539 1098 dico
549 1092 556 1106 ,
569 1067 708 1098 Rhodius
720 1066 981 1098 adolescentulus.

197 1131 290 1159 Fortit
304 1128 402 1159 habui
414 1134 568 1159 scortum:
583 1128 677 1168 coepit
689 1127 731 1158 ad
743 1127 775 1158 id
787 1127 927 1158 alludere
936 1153 944 1166 ,

197 1193 235 1220 Et
247 1201 296 1220 me
309 1190 449 1220 irridere.
465 1189 549 1229 Quid
561 1189 626 1230 agis
635 1214 642 1227 ‚
655 1189 802 1230 iuquam,
816 1188 911 1219 homo
923 1188 1108 1230 impudens?

197 1251 297 1290 Lepus
311 1255 379 1280 tute
392 1260 439 1288 es,
452 1255 484 1280 et
496 1249 738 1290 pulpamentum
751 1248 883 1290 quaeris?

631 1318 649 1337 c
657 1317 677 1337 N
686 1318 705 1337 A
714 1319 732 1338 ’r
739 1318 767 1338 ο.
1013 1349 1020 1356 ,

898 1370 961 1406 Ha,
974 1367 1031 1406 ha,
1045 1367 1107 1398 hae!

619 1439 637 1458 T
647 1438 666 1458 Η
676 1438 695 1458 R
704 1438 723 1458 A
731 1437 744 1458 s
751 1438 778 1459 ο.

197 1490 280 1530 Quid
292 1491 357 1520 est?

633 1559 652 1578 c
660 1560 680 1579 N
689 1560 707 1580 A
715 1561 733 1580 T
740 1561 769 1581 ο.

362 1610 489 1647 Ρειεεῐὸ,
503 1608 619 1649 lepide,
634 1608 735 1639 lauth:
751 1609 829 1639 nihil
842 1611 947 1651 supra'x.

196 1673 341 1699 Tuumne
350 1694 357 1707 ‚
370 1668 498 1699 obsecro
513 1675 558 1707 te,
572 1668 631 1699 hoc
644 1668 762 1700 dictum
778 1671 864 1700 erat?
876 1672 973 1700 Vetus
986 1670 1113 1701 credidi.
