1294 2149
149 138 187 167 30
531 136 795 165 EUNUCHUS.

148 209 349 251 Quamqumu
361 207 450 238 illam
462 207 554 248 cupio
568 207 741 246 abducere,
754 214 850 249 atque
864 206 923 237 haic
936 217 969 237 re
982 207 1121 238 arbitror

147 269 182 299 Id
194 267 263 299 fieri
275 279 363 310 posse
375 267 510 298 maxime
517 279 526 304 3
540 265 778 310 verumtamenf,

147 328 255 359 Potius
267 330 364 372 quim]
376 334 407 359 te
419 328 583 358 inimicum
595 327 731 359 habeam
740 353 748 367 ,
761 328 875 359 faciam
891 334 927 359 ut
936 329 1075 370 jusseris.

561 459 750 481 PHEDRIQ

146 512 279 541 Utinam
291 511 372 540 istuc
384 510 519 540 verbum
530 520 569 541 ex
580 511 687 541 animo
696 535 704 549 ,
718 521 755 541 ac
766 511 840 541 vere
852 510 988 542 diceres:

150 572 254 600 Polias
267 571 358 612 ᾳιιὰνη
375 577 401 600 te
414 572 571 600 inimicum
587 570 732 600 habeam!
745 571 775 600 Si
786 570 868 601 istuc
880 570 1040 601 crederem

148 633 272 663 Sincere
285 631 347 663 dici
356 657 364 670 ,
378 632 503 675 quidvis
515 643 639 674 possem
651 632 784 674 perpeti.

557 762 756 784 PARMENQ

149 812 310 850 Labascit,
323 813 424 843 victus
436 823 502 843 uno
516 812 624 844 verbo.
641 814 745 853 Quinn
757 813 836 844 citb!

591 945 609 964 T
616 943 638 963 Η
646 935 684 963 ΑΪ
692 944 716 964 s.

150 996 213 1036 Ego
227 1005 294 1024 nou
306 1005 344 1024 ex
356 995 462 1025 animo
471 1019 479 1033 ,
491 995 622 1033 misera,
635 994 725 1025 dico?
739 996 842 1034 Quam
849 993 922 1035 joco

148 1058 224 1086 Rem
235 1055 365 1086 voluisti
377 1057 396 1086 :a
408 1066 458 1086 me
474 1055 601 1086 tandem
609 1081 617 1094 ,
631 1057 711 1098 quin
724 1055 910 1097 perfeceris?

148 1120 212 1158 Ego
225 1117 396 1158 impetrare
409 1127 532 1159 nequeo
547 1116 606 1147 hoc
619 1116 675 1147 abs
688 1122 735 1154 te,
748 1115 881 1146 biduum

149 1176 265 1208 Saltem
277 1183 315 1207 ut
327 1177 480 1209 concedas
494 1177 606 1208 solum.

561 1319 578 1338 P
586 1317 608 1337 Η
617 1318 634 1338 E
643 1318 663 1338 D
672 1318 691 1338 R
699 1318 710 1338 1
720 1319 751 1338 A.

613 1369 643 1399 Si
656 1368 786 1411 quidem
798 1367 940 1398 bidutun.
948 1390 966 1396 ..

148 1429 282 1468 Verum,
297 1441 336 1460 ne
350 1429 429 1460 fiant
440 1431 492 1460 isti
503 1430 616 1472 viginti
629 1429 704 1460 dies.

591 1509 609 1527 T
617 1507 638 1527 Η
647 1499 684 1528 Αἵ
693 1508 717 1528 s.

149 1558 293 1589 Profecti)
308 1570 373 1589 non
387 1558 457 1600 plus
470 1559 619 1597 biduum,
634 1565 725 1589 aut...

565 1631 712 1651 pnsum
722 1631 752 1650 A.

727 1681 807 1711 Aut?
821 1678 902 1709 Nihil
918 1688 1033 1709 moror.

590 1742 716 1773 TllA'is.

151 1804 218 1833 Non
232 1801 295 1834 fiet.
316 1805 379 1834 Hoc
392 1803 486 1835 modi)
502 1803 568 1834 sine
584 1809 612 1834 te
627 1814 761 1835 exorem.
