1294 2149
146 111 179 128 κη
559 96 742 125 ΑΝΒΒΙΑ.

142 170 217 200 Fide
230 176 262 200 et
276 169 507 200 taciturnitate.

586 297 600 316 5
608 297 626 317 o
633 297 648 316 5
656 297 666 316 1
675 297 707 316 A.

516 350 651 387 Expecto
664 345 742 388 quid
755 344 868 376 velis...

593 417 608 436 5
617 416 627 435 1
636 416 696 436 mo.

141 471 204 510 ligo
218 469 385 510 postqua'tm
399 474 429 497 te
442 467 504 497 emi
517 467 535 496 ὲ
548 466 682 508 parvulo
691 491 699 504 ,
713 472 750 496 ut
763 477 885 507 semper
898 466 957 497 tibi

139 528 231 569 Apud
246 538 294 556 me
304 527 390 567 justa
403 533 433 557 et
446 526 583 556 clemens
597 526 695 555 fuerit
708 526 843 556 servitus
853 551 861 562 ,

140 588 203 617 Scis
217 599 223 616 :
239 587 313 623 feci,
328 588 344 616 ὲ
358 597 447 616 servo
461 592 497 616 ut
511 597 590 616 esses
604 585 738 616 libertus
750 585 829 616 mihi
839 611 846 623 ‚

140 649 309 687 Propterea}
323 646 409 688 quod
422 646 578 676 serviebas
592 645 780 675 liberaliter.

141 706 233 746 Quod
246 705 344 736 habui
357 717 515 736 summum
528 705 686 748 pretium,
698 704 838 747 persolvi
850 704 918 735 tibi.

585 848 598 867 s
606 847 625 867 o
634 847 647 867 5
656 848 667 868 1
675 848 706 867 A.

142 900 176 928 111
190 898 340 929 memorio
354 897 465 928 habeo.

311 950 314 953 ’
597 967 610 986 s
619 967 630 987 1
639 967 699 987 ³10.

470 1017 562 1048 Haud
573 1024 663 1048 muto
677 1017 807 1048 factum.

587 1097 600 1116 s
608 1097 627 1117 o
635 1097 648 1117 s
657 1098 668 1117 1
676 1098 695 1117 A
701 1109 708 1115 .

821 1147 949 1177 Gaudeo
958 1171 966 1185 ,

141 1211 169 1239 si
184 1210 241 1240 tibi
255 1209 335 1252 quid
348 1209 423 1246 feci,
438 1216 494 1240 aut
508 1208 587 1239 facio
597 1232 604 1245 ‚
619 1208 706 1251 quod
718 1208 859 1250 placeat,
873 1210 971 1247 Simo,
985 1215 1017 1239 et

140 1271 174 1301 ld
188 1277 314 1312 gratum
329 1270 421 1300 fuisse
435 1271 602 1301 adversum
617 1276 662 1307 te,
677 1269 780 1300 habeo
793 1270 939 1312 gratiam.

141 1332 199 1362 Sed
213 1331 272 1362 hoc
285 1331 364 1362 mihi
377 1330 547 1362 molestum
561 1338 623 1368 est3
639 1342 714 1362 nam
726 1331 809 1362 istaec
823 1331 1082 1363 commemoratio

141 1394 237 1433 Quasi
250 1392 452 1434 exprobratio
467 1399 512 1423 est
526 1392 718 1423 immemoris
730 1391 888 1423 beneficii.

141 1454 226 1493 Quin
240 1460 275 1484 tu
291 1464 355 1484 uno
369 1454 465 1485 verbo
479 1454 545 1490 dic,
560 1453 638 1496 quid
651 1459 713 1492 est,
729 1453 817 1496 quod
831 1464 881 1484 me
894 1452 980 1484 velis.

592 1592 605 1612 s
615 1593 624 1612 1
635 1592 656 1612 M
665 1593 694 1612 o.

140 1642 187 1671 ltin
202 1641 323 1671 faciam.
340 1644 403 1671 Hoc
417 1642 555 1682 primiim
568 1643 600 1672 in
614 1641 674 1672 hac
687 1652 721 1672 re
735 1641 868 1683 praedico
882 1640 957 1672 tibi:

142 1705 227 1742 Quas
240 1703 340 1734 credis
353 1714 417 1734 esso
430 1703 486 1733 has
496 1727 503 1739 ,
520 1714 584 1734 nou
597 1709 671 1733 sunt
684 1713 765 1733 vera}
782 1701 910 1742 nuptiae.
