1294 2149
249 142 257 160 1
265 130 282 167 25
289 130 308 159 8
654 131 680 158 A
686 129 713 157 N
720 129 746 157 D
753 130 778 158 R
784 129 798 157 1
804 130 840 158 A.

243 201 363 242 Capitis
376 200 553 242 perieulum
565 199 672 238 adire,
685 199 763 230 dim}
776 198 895 240 prosim
908 199 966 229 tibi
981 210 987 228 ι

243 265 348 292 Tuum
360 268 406 292 est
415 287 422 299 ,
435 261 461 291 si
475 261 553 303 quid
565 266 680 301 praeter
692 270 780 300 spem
793 260 914 297 evefflt,
927 260 971 289 mi
982 259 1152 301 ignoscere.

242 322 359 352 Parnm
371 320 509 351 succedit
523 320 610 362 quod
623 330 682 360 ago
696 330 703 348 :
717 325 750 348 at
763 319 843 349 facio
857 317 978 348 sedule).

243 381 302 412 Vel
313 381 425 413 melifis
438 387 506 412 tute
519 380 609 411 aliud
621 380 740 420 reperi,
754 390 803 409 me
817 380 946 410 missum
958 379 1035 409 face.

630 576 870 605 PAMpnmus.

245 629 355 670 Cupio.
373 629 514 661 Restitue
527 628 563 658 in
576 638 672 670 quem
683 639 734 658 me
747 627 894 669 accepisti
906 625 1021 657 locum.

685 760 704 778 D
714 759 753 779 μ’
764 761 782 780 U
792 761 815 780 s.

245 811 379 842 Faciam.

629 880 763 901 PAMPH
774 880 870 900 uus.

334 936 373 963 At
382 932 449 973 jam
463 931 522 962 hoc
536 942 614 972 opus
627 937 684 962 est.

684 1003 815 1022 nnus.

485 1057 580 1090 Hem,
594 1060 638 1092 st,
651 1064 744 1084 mane
758 1064 763 1082 :
779 1053 903 1094 crepuit
915 1055 934 1084 ἐι
948 1052 1094 1095 Glycerio
1108 1052 1233 1083 ostium.

631 1190 648 1210 Ρ
658 1190 676 1210 Α
687 1190 783 1210 ΜΡΗι
793 1190 870 1210 Lus.

245 1240 331 1271 Nihil
344 1241 384 1271 ad
400 1247 438 1271 te.

687 1374 706 1392 D
716 1374 755 1393 AV
767 1373 786 1392 U
794 1374 817 1392 S.

367 1427 489 1464 Quaero.

632 1496 650 1516 P
659 1497 678 1515 A
687 1495 711 1515 M
718 1496 737 1516 P
744 1495 765 1515 Η
773 1496 783 1515 1
792 1496 809 1515 L
816 1496 836 1515 U
845 1496 868 1515 s.

411 1548 488 1576 Hem
497 1571 504 1584 ‚
517 1547 674 1577 nunccine
687 1546 835 1577 demilm?

687 1618 707 1636 D
717 1618 758 1637 AV
767 1618 788 1637 U
796 1617 819 1637 S.

688 1671 726 1698 At
736 1667 803 1707 jam
815 1667 875 1699 hoc
888 1667 947 1699 tibi
960 1668 1126 1698 inventum
1139 1667 1231 1698 dabo.
