1294 2149
155 192 174 220 8
526 189 548 216 Ρ
556 188 580 216 R
588 190 614 217 O
622 189 646 216 L
653 189 679 216 O
687 189 713 216 G
724 188 748 216 U
757 187 785 215 S.

153 259 321 292 Menandri
334 258 539 296 Eunuchum,
553 256 722 299 postquam
734 255 838 287 aediles
851 263 1012 293 emerunt,

154 331 302 370 Perfecit,
315 330 374 361 sibi
386 335 423 360 ut
435 326 622 369 inspiciendi
634 332 714 357 esset
726 326 825 367 copia.

154 406 357 448 Magistratus
370 403 443 434 cum
455 402 500 432 ibi
513 401 650 438 adesset,
663 406 793 442 occepta
805 406 852 430 est
864 401 923 441 agi.

155 477 332 514 Exclamat,
346 475 466 512 furem,
480 484 546 503 non
558 477 702 513 poetam,
714 470 855 501 fabulam

155 551 282 583 Dedisse
291 576 299 589 ‚
312 556 344 581 et
357 549 403 579 nil
416 547 537 579 dedisse
550 546 722 577 verborum
734 551 857 582 tamem

156 624 302 656 Colacem
314 634 378 654 esse
390 622 475 653 Naevi
490 627 521 652 et
532 620 637 652 Plauti
648 627 788 651 veterem
800 618 956 655 fabulam3

158 698 290 729 Parasiti
301 707 470 739 personam
484 695 558 727 inde
572 694 712 727 ablatam
725 699 756 724 et
768 692 887 724 militis.

159 771 188 800 si
201 770 234 800 id
247 776 294 800 est
306 775 488 811 peccatum,
502 774 669 810 peccatum
680 765 896 807 imprudentia
909 771 955 796 est

158 845 276 880 Poetae,
290 852 357 872 uon
371 841 427 883 qui
443 840 567 871 furtum
580 838 682 869 facere
695 837 863 869 studuerit.

159 913 196 944 Id
207 914 252 945 ita
265 925 329 944 esse
338 939 347 952 ‚
359 924 414 943 vos
423 912 492 954 jam
500 911 644 953 judicare
656 909 809 951 poteritis.

161 985 259 1017 Colax
270 985 439 1016 Menandri
453 990 516 1015 est:
531 984 566 1013 in
578 982 615 1014 ea
627 989 675 1014 est
687 982 843 1023 parasitus
856 980 951 1012 Colax
961 1006 968 1016 ,

162 1061 201 1088 Et
213 1057 302 1088 miles
315 1057 486 1099 gloriosus:
501 1067 552 1086 eas
566 1066 597 1086 se
610 1065 677 1085 non
689 1060 784 1096 negat

162 1130 314 1158 Personas
325 1127 525 1158 transtulisse
538 1127 573 1156 iu
585 1124 775 1156 Eunuchum
787 1135 876 1155 suam

164 1201 208 1228 Ex
220 1197 331 1240 graeca.
347 1197 405 1228 Sed
418 1209 469 1228 eas
483 1197 607 1227 fabulas
620 1196 720 1227 factas
732 1195 819 1236 prius

164 1270 292 1301 Latinas
305 1270 397 1301 scisse
409 1281 474 1300 sese
483 1295 491 1308 ,
504 1269 539 1300 id
550 1269 625 1299 vero
638 1273 800 1309 pernegat.

167 1341 259 1381 Quod
272 1343 297 1371 si
310 1341 452 1382 personis
465 1341 576 1371 iisdem
590 1341 638 1370 uti
651 1340 719 1370 aliis
733 1350 798 1370 non
810 1339 883 1369 licet
892 1364 899 1373 ,

168 1414 229 1454 Qui
242 1415 342 1456 magis
354 1414 427 1445 licet
440 1420 602 1445 currentes
616 1424 721 1444 servos
733 1412 868 1443 scribere
877 1437 885 1450 ,

169 1488 269 1516 Bonas
281 1493 443 1517 matronas
456 1487 558 1517 facere
566 1512 574 1525 ,
587 1487 767 1517 meretrices
779 1484 878 1516 malas
887 1510 894 1521 ‚

168 1559 345 1589 Parasitum
357 1559 484 1590 edacem
492 1584 499 1597 ‚
513 1558 686 1600 gloriosum
697 1557 830 1588 militem
839 1582 846 1594 ,

169 1634 306 1662 Puerum
320 1633 456 1674 supponi
465 1658 472 1670 ,
487 1632 555 1663 falli
568 1643 624 1673 per
636 1642 763 1662 servum
776 1640 880 1661 senem
891 1655 897 1667 ,

173 1707 299 1743 Amare,
314 1705 413 1736 odisse
422 1731 429 1743 ,
444 1705 615 1747 suspicari?
627 1704 771 1746 Denique

173 1778 302 1810 Nullum
315 1785 360 1811 est
369 1779 436 1821 jam
449 1779 567 1811 dictum
578 1804 585 1818 ,
599 1778 685 1822 quod
699 1789 764 1810 non
777 1777 898 1808 dictum
911 1775 950 1806 sit
964 1774 1059 1816 prius
