1294 2149
209 60 266 89 130
335 36 339 38 -
570 61 835 89 EUNUCHUS.

203 131 265 169 Qui
277 131 388 161 fuerit:
403 130 463 162 hoc
472 157 479 168 ,
493 131 580 174 quod
593 132 681 171 fecit,
695 142 743 162 res
756 133 822 173 ipsa
836 131 965 163 indicat.

202 191 297 232 Virgo
311 191 378 232 ipsa
390 190 546 222 lacrumat
554 217 562 230 ,
575 203 678 234 neque
688 217 696 229 ,
709 192 782 222 cum
793 193 910 233 rogites
923 192 1002 235 quid
1013 194 1070 231 sit,
1082 194 1178 225 audet

245 250 357 281 dicere.

199 311 255 342 llle
268 318 375 342 autem
388 312 490 342 bonus
503 313 551 342 vir
564 323 722 354 nusquam
735 319 877 353 apparet.
894 314 996 344 Etiam
1009 313 1068 344 hoc
1081 315 1193 345 misera

243 372 392 412 suspicor,

199 432 327 475 Aliquid
339 432 432 463 domo
446 432 617 462 abeuntem
629 431 803 462 abstulisse.

609 502 626 522 Ρ
635 502 656 522 Η
665 503 683 522 E
692 503 712 522 D
720 503 739 522 P.
747 503 758 522 1
767 504 798 522 A.

810 555 937 595 Nequeo
949 555 1058 584 mirari
1070 557 1144 586 satis
1153 581 1160 593 ‚

197 615 267 652 Quo
279 613 366 643 abire
378 614 511 655 ignavus
523 612 578 644 ille
591 614 688 655 possit
700 613 824 656 longius
836 639 844 652 ‚
858 615 955 645 nisisi
967 614 1096 646 domum

198 675 290 705 Forte
303 673 343 704 ad
357 685 414 704 uos
427 674 529 705 rediit.

606 745 624 765 P
634 744 651 764 Y
658 746 676 764 T
686 745 705 764 H
716 745 725 764 1
736 746 754 764 A
765 745 787 764 s.

549 794 619 823 Vise
629 819 636 831 ‚
649 794 762 824 amabo
771 819 779 833 ‚
790 805 866 825 num
880 797 928 825 sit.

606 864 623 884 ι)
632 864 651 884 Η
662 866 679 885 E
688 866 707 885 D
715 866 734 885 R
743 866 752 885 1
763 867 794 886 A.

932 918 1002 945 Jam
1015 916 1086 947 faxo
1098 917 1183 947 scies.

622 984 640 1003 n
648 984 667 1004 ο
674 984 692 1003 R
702 985 712 1004 1
722 984 741 1004 A
749 985 773 1004 s.

194 1033 290 1063 Perii!
307 1033 434 1063 obsecro
448 1039 513 1063 tam
525 1033 693 1064 infandum
707 1034 843 1073 facinus,
856 1046 927 1066 mea
940 1042 974 1066 tu
984 1061 992 1073 ‚
1006 1048 1045 1067 ne
1057 1037 1164 1068 audivi

236 1092 375 1135 quidem.

608 1165 625 1184 p
634 1165 652 1184 Y
660 1166 678 1184 T
687 1165 707 1184 u
716 1165 725 1185 1
735 1167 753 1185 A
763 1166 786 1184 s.

192 1218 231 1244 At
244 1214 296 1255 pol
311 1225 367 1256 ego
380 1221 534 1245 amatores
544 1215 715 1245 mulierum
726 1227 790 1245 esse
799 1215 962 1246 audieram
972 1228 1023 1245 cos
1034 1217 1182 1248 maximos
1191 1244 1200 1256 ‚

191 1274 250 1304 Sed
264 1274 343 1304 nihil
358 1281 495 1315 potesse:
510 1275 620 1304 verum
633 1276 752 1305 miserae
767 1287 831 1305 nou
843 1276 877 1306 in
889 1282 1027 1306 mentem
1040 1284 1186 1308 venerat:

192 1339 269 1366 Nam
283 1335 373 1366 illum
386 1335 492 1379 aliquo
505 1336 740 1375 cone-lusissem,
754 1348 856 1380 neque
869 1337 916 1368 illi
927 1338 1146 1369 commisissem

236 1408 247 1425 x
257 1397 398 1438 irginem.
