1294 2149
131 41 174 68 66
502 39 764 70 EUNUCHUS.

538 121 556 141 P
564 121 583 141 A
592 121 611 141 n
619 120 644 140 M
651 122 668 141 E
676 121 696 141 N
705 122 734 142 0.

659 173 729 212 Ipsa
742 178 803 210 est,
817 171 910 203 ilicet.

132 230 260 267 Desine,
270 228 337 269 jam
350 229 583 260 conclamatum
595 237 652 261 est.

553 302 569 321 c
578 301 599 321 Η
608 303 625 322 ε
633 302 652 322 R
660 303 678 322 E
686 303 705 322 A
711 315 717 321 .

570 350 655 381 Alias
667 362 717 381 res
729 352 804 393 agis.

540 423 558 443 P
566 423 585 443 A
594 423 612 443 R
620 423 645 443 M
652 424 670 444 E
677 424 697 443 N
705 425 735 444 o.

134 477 217 505 Istuc
229 485 288 516 ago
302 473 458 516 equidem.

554 544 571 564 c
578 544 600 564 Η
608 545 626 564 Ε
633 544 653 564 R
661 545 679 564 E
687 545 718 565 A.

466 592 586 625 Nostin’
598 605 668 637 quae
679 595 739 625 sit?
751 595 807 626 Dic
818 595 913 632 mihi3
927 603 983 627 aut

136 656 222 687 Vidis
227 654 279 686 tin'
286 657 299 684 ’.ν’

546 727 563 746 p
572 727 591 746 Α
600 727 619 746 n
627 726 651 746 M
659 727 676 746 E
685 727 705 746 N
714 728 743 747 o.

303 776 391 815 Vidi,
406 777 479 807 novi
487 787 496 813 ;
511 776 573 806 scio
587 778 651 818 ([ιιὸ
663 776 802 808 abducta
814 777 863 807 sit.

558 917 575 937 c
584 917 604 936 H
613 918 631 937 E
639 918 658 938 n
667 918 684 937 E
693 919 723 938 A.

143 968 225 1006 Eho,
239 970 392 998 Parmeno
406 967 464 1006 mi,
479 965 612 997 nostin⁷?

548 1038 565 1058 P
574 1038 592 1057 A
602 1037 620 1057 R
629 1036 653 1056 M
661 1037 678 1056 ε
686 1037 707 1056 N
715 1037 745 1057 o.

615 1088 703 1118 Novi.

564 1159 580 1177 c
589 1158 609 1177 Η
619 1158 661 1178 ER
669 1158 687 1177 E
695 1158 726 1177 A.

715 1209 754 1236 Et
765 1206 822 1236 scis
836 1205 890 1235 ubi
902 1207 978 1235 siet?

551 1278 568 1298 P
576 1278 596 1297 A
604 1277 623 1297 R
631 1276 655 1296 M
664 1277 681 1296 E
690 1277 710 1296 N
718 1277 747 1297 o.

146 1332 212 1361 Huc
225 1331 362 1361 deducta
374 1337 419 1360 est
432 1330 472 1359 ad
485 1329 682 1359 meretricem
691 1327 861 1358 Tha'idem:
875 1327 903 1358 ei
916 1327 1000 1358 dono
1011 1326 1086 1357 data
1097 1332 1152 1357 est.

565 1468 729 1488 CHEREA.

147 1523 222 1562 Quis
237 1522 261 1552 is
274 1528 319 1552 est
335 1527 399 1551 tam
412 1526 523 1562 potens
536 1530 608 1551 cum
622 1525 711 1550 tauto
724 1529 854 1549 munere
868 1518 946 1549 hoc?

552 1655 570 1674 P
578 1655 596 1674 A
606 1654 625 1674 n
634 1653 656 1673 M
665 1655 682 1674 E
690 1654 709 1673 x
719 1655 748 1674 ο.

919 1701 1008 1733 Miles
1020 1700 1156 1737 Thraso,

148 1766 288 1797 Phcdriae
301 1765 416 1796 rivalis.
