1294 2149
177 86 234 105 212
551 76 814 106 EUNUCHUS.

578 158 596 178 Ρ
606 158 625 178 A
633 158 652 178 R
660 156 685 178 Μ
692 158 711 178 ε
718 158 738 177 Ν
746 158 776 178 ο.

175 206 260 247 Qujd
273 211 335 244 est,
349 206 477 248 inepta?
490 206 575 247 Quid
588 207 648 238 tibi
660 207 727 238 vis?
740 206 825 248 Quid
837 206 940 239 rides?
952 205 1095 249 Pergin’?

587 339 770 359 PYwfllAs

1088 386 1185 417 Perii.

175 447 301 478 Defessa
309 447 376 489 jam
388 458 457 478 sum
466 471 473 484 ‚
487 447 617 483 misera,
632 453 663 477 te
676 447 822 478 ridendo.

580 517 598 537 Ρ
608 517 627 536 A
636 515 711 537 mm
719 517 739 536 x
748 518 778 537 ο.

833 567 919 608 Quid
931 567 995 599 ita?

587 643 770 664 PYTHIA&

998 693 1143 735 Rogitas?

176 754 346 794 Nunqufnn
355 775 362 789 ‚
377 751 446 793 pol,
457 751 618 783 homiuem
629 752 807 784 stultiorem
818 752 884 783 vidi
893 776 900 790 ,
914 764 972 783 nec
983 752 1107 783 videbo.
1119 751 1167 783 Ah
1178 754 1185 782 !

177 815 245 842 Nou
258 818 362 853 potest
374 812 448 842 satis
461 812 586 842 narrari
601 823 680 855 quos
693 812 784 843 ludos
797 812 970 854 praebueris
981 811 1079 843 intus.

175 874 217 902 At
229 872 325 903 etiam
338 871 440 913 primi»
453 871 606 902 callidum
619 878 650 902 et
663 872 818 903 disertum
831 872 954 904 credidi
967 871 1139 903 hominem.

581 1007 598 1027 Ρ
607 1008 627 1027 Α
636 1007 654 1027 R
662 1007 685 1026 M
694 1007 712 1027 E
720 1007 740 1027 N
749 1008 778 1027 ο.

176 1057 279 1098 Quid?

587 1130 604 1150 Ρ
614 1128 632 1148 Y
641 1130 659 1149 T
668 1129 688 1148 Η
699 1130 708 1149 1
719 1130 738 1149 A
748 1129 770 1149 s.

282 1179 413 1210 lllicbne
427 1180 554 1210 credere
569 1190 621 1216 ea,
637 1189 706 1221 quae
719 1178 784 1209 dixi
794 1202 802 1215 ,
817 1177 961 1219 oportuit
974 1180 1023 1209 te?

175 1242 225 1270 An
237 1240 413 1281 poenitebat
426 1240 538 1283 flagitii
547 1264 555 1278 ,
570 1247 600 1271 te
614 1246 742 1270 auctore
755 1239 842 1281 quod
854 1238 977 1269 fecisset

176 1300 365 1331 Adolescens
374 1325 382 1338 ,
396 1301 431 1331 ui
443 1301 593 1332 miserum
606 1301 736 1342 iusuper
749 1300 845 1331 etiam
857 1300 943 1341 patri
955 1299 1131 1330 indicares?

176 1363 255 1391 Nam
268 1361 347 1403 quid
360 1360 409 1391 illi
422 1361 524 1392 credis
537 1361 634 1392 animi
649 1368 716 1391 tum
729 1360 840 1397 fuisse,
854 1359 911 1390 ubi
923 1366 1042 1390 vestem
1053 1358 1136 1390 vidit

177 1420 265 1453 Illam
280 1433 344 1454 esse
357 1434 430 1454 eum
442 1422 591 1454 indutum
604 1424 713 1464 pater?
726 1421 831 1462 Quid?
842 1424 912 1453 Jam
924 1421 983 1453 scis
996 1427 1027 1452 te
1039 1420 1189 1463 periisse?

584 1625 602 1645 P
610 1626 629 1645 Α
638 1625 656 1645 n
666 1625 689 1644 M
697 1625 715 1645 Ε
724 1625 742 1644 s
752 1625 782 1645 o.

178 1675 270 1703 Hem!
293 1673 372 1716 quid
391 1674 487 1712 dixti,
508 1674 659 1715 pessima?
672 1677 721 1704 An
733 1673 870 1705 mentita
883 1675 932 1704 es?
945 1673 1041 1704 etiam
1055 1671 1157 1703 mdes?

175 1732 254 1764 ltim’
269 1733 410 1775 lepidum
424 1735 483 1765 tihi
497 1735 598 1766 visum
612 1742 673 1772 est,
688 1734 786 1766 scelus
799 1759 807 1772 ,
821 1745 878 1765 nos
891 1734 1044 1765 irridere?
