1294 2149
172 171 210 199 28
548 172 811 202 EUNUCHUS.

583 252 600 271 P
609 252 629 272 H
638 253 656 273 Ε
663 253 684 273 D
692 253 711 274 R
720 254 730 274 1
739 255 770 274 A.

169 306 211 333 At
222 313 280 344 ego
294 303 471 333 nesciebam
483 303 637 345 quorsum
650 310 686 335 tu
698 305 770 336 ires.
784 307 921 337 Parvula

169 363 250 394 Hinc
261 369 308 394 est
320 363 470 405 abrepta:
484 363 593 394 eduxit
604 370 707 395 mater
720 376 778 407 pro
791 367 863 396 sufi:

169 428 263 455 Soror
275 431 322 456 est
335 425 436 455 dicta:
450 426 542 466 cupio
555 425 728 464 abducere,
742 433 778 458 ut
790 428 922 459 reddam
934 431 1006 460 suis.

169 487 288 527 Nempe
301 486 410 516 omnia
422 485 487 516 haec
501 497 586 516 nunc
599 486 698 517 verba
710 487 774 518 huc
786 488 922 519 redeunt
934 489 1071 531 denique
1084 516 1090 522 .

170 546 328 576 Excludor
340 556 397 587 ego
407 571 414 583 ,
427 545 480 576 ille
493 547 655 587 recipitur.
675 547 745 587 Qufi
757 548 880 589 gratifi?

171 606 236 636 Nisi
249 605 341 636 illum
354 605 425 646 plils
439 617 524 636 amas
533 631 540 644 ‚
555 607 652 648 quum
664 617 731 645 me,
744 612 777 637 et
788 607 881 638 istam
894 618 980 638 nunc
993 609 1081 639 times
1091 635 1097 645 ,

171 668 247 705 Quae
260 664 391 695 advecta
405 671 467 703 est,
482 676 521 695 ne
534 664 625 696 illum
639 665 735 696 talem
748 667 908 707 praeripiat
923 667 997 697 tibi?

614 879 631 896 T
640 876 660 896 ss
669 869 706 897 Αϊ
714 878 738 897 s.

173 925 267 969 Egon'
280 927 313 957 id
326 927 440 957 timeo?

586 998 604 1017 P
613 996 633 1016 n
642 997 660 1017 E
669 997 689 1017 D
697 998 716 1017 n
726 998 736 1018 1
746 999 776 1018 A.

451 1046 534 1086 Quid
548 1052 578 1076 te
591 1057 665 1089 ergo
679 1046 767 1077 aliud
780 1045 948 1078 sollicitat?
961 1047 1055 1079 Cedo.

175 1108 257 1138 Num
270 1107 354 1138 solus
367 1107 421 1138 ille
435 1107 520 1138 dona
533 1107 607 1138 dat?
619 1107 768 1139 Nuncubi
779 1112 882 1139 meam

173 1169 407 1211 Benignitatem
419 1169 541 1200 sensisti
554 1170 589 1200 in
602 1175 632 1200 te
645 1169 806 1200 claudier?

175 1233 302 1269 Nonne,
316 1231 395 1261 mihi
408 1231 464 1262 ubi
477 1231 555 1262 dixti
570 1242 685 1273 cupere
699 1238 729 1262 te
742 1242 780 1262 ex
791 1231 948 1273 AEthiopiai

175 1291 366 1322 Ancillulam
375 1317 383 1330 ,
396 1291 513 1323 reliotis
525 1292 619 1323 rebus
632 1292 779 1323 omnibus
788 1318 796 1331 ‚

178 1354 332 1393 Quaesivi?
344 1353 534 1384 Eunuchum
548 1356 643 1396 porrb
657 1355 736 1385 dixti
749 1353 829 1385 velle
843 1360 890 1392 te⁷

177 1415 259 1454 Quia
272 1415 344 1445 501ae
357 1422 495 1446 utuntur
507 1415 556 1446 his
568 1417 694 1458 reginae.
708 1417 842 1458 Repperi
855 1427 862 1446 ε

179 1477 253 1506 Heri
267 1478 368 1508 mjnas
380 1478 493 1520 viginti
506 1489 563 1519 pro
578 1478 731 1509 ambobus
745 1478 828 1509 dedi.

178 1538 298 1566 Tamen
312 1543 511 1578 contemptus
527 1538 583 1568 abs
595 1545 625 1568 te
634 1563 641 1576 ,
655 1537 721 1569 haec
733 1538 833 1569 habui
844 1539 878 1568 in
893 1538 1044 1569 memoria
1054 1563 1060 1575 ,

181 1594 230 1625 Ob
243 1595 308 1626 haec
323 1596 407 1627 facta
418 1597 474 1628 abs
488 1603 518 1628 te
531 1608 674 1639 spernor.

622 1781 745 1810 umis.

691 1838 774 1878 Quid
787 1839 882 1875 istuc,
896 1838 1048 1869 I‘hcdria?
