<?xml version="1.0" encoding="UTF-8"?>
<!DOCTYPE html PUBLIC "-//W3C//DTD XHTML 1.0 Transitional//EN"
    "http://www.w3.org/TR/xhtml1/DTD/xhtml1-transitional.dtd">
<html xmlns="http://www.w3.org/1999/xhtml" xml:lang="en" lang="en">
 <head>
  <title>
</title>
<meta http-equiv="Content-Type" content="text/html;charset=utf-8" />
  <meta name='ocr-system' content='tesseract 3.04.00' />
  <meta name='ocr-capabilities' content='ocr_page ocr_carea ocr_par ocr_line ocrx_word'/>
</head>
<body>
  <div class='ocr_page' id='page_1' title='image "./comedies12tere_0200.png"; bbox 0 0 1294 2149; ppageno 0'>
   <div class='ocr_carea' id='block_1_1' title="bbox 154 125 750 160">
    <p class='ocr_par' dir='ltr' id='par_1_1' title="bbox 154 125 750 160">
     <span class='ocr_line' id='line_1_1' title="bbox 154 125 750 160; baseline 0.003 -8"><span class='ocrx_word' id='word_1_1' title='bbox 154 126 212 160; x_wconf 60' lang='lat'>¹4²</span> <span class='ocrx_word' id='word_1_2' title='bbox 566 125 750 154; x_wconf 83' lang='lat' dir='ltr'>ANDRIA.</span> 
     </span>
    </p>
   </div>
   <div class='ocr_carea' id='block_1_2' title="bbox 148 205 1139 406">
    <p class='ocr_par' dir='ltr' id='par_1_2' title="bbox 546 205 765 226">
     <span class='ocr_line' id='line_1_2' title="bbox 546 205 765 226; baseline 0 -2"><span class='ocrx_word' id='word_1_3' title='bbox 546 205 563 224; x_wconf 90' lang='lat' dir='ltr'>c</span> <span class='ocrx_word' id='word_1_4' title='bbox 572 206 593 226; x_wconf 78' lang='lat' dir='ltr'><strong><em>H</em></strong></span> <span class='ocrx_word' id='word_1_5' title='bbox 602 206 622 225; x_wconf 73' lang='lat' dir='ltr'>A</span> <span class='ocrx_word' id='word_1_6' title='bbox 632 206 651 225; x_wconf 76' lang='lat' dir='ltr'><strong>n</strong></span> <span class='ocrx_word' id='word_1_7' title='bbox 659 206 670 225; x_wconf 91' lang='lat'>1</span> <span class='ocrx_word' id='word_1_8' title='bbox 682 206 703 225; x_wconf 77' lang='lat' dir='ltr'>N</span> <span class='ocrx_word' id='word_1_9' title='bbox 711 205 732 225; x_wconf 82' lang='lat' dir='ltr'>n</span> <span class='ocrx_word' id='word_1_10' title='bbox 742 207 765 225; x_wconf 87' lang='lat' dir='ltr'>s.</span> 
     </span>
    </p>

    <p class='ocr_par' dir='ltr' id='par_1_3' title="bbox 148 255 1139 406">
     <span class='ocr_line' id='line_1_3' title="bbox 214 255 1139 299; baseline 0.003 -14"><span class='ocrx_word' id='word_1_11' title='bbox 214 258 327 286; x_wconf 70' lang='lat' dir='ltr'><strong>Nonne</strong></span> <span class='ocrx_word' id='word_1_12' title='bbox 341 256 399 286; x_wconf 89' lang='lat' dir='ltr'>tibi</span> <span class='ocrx_word' id='word_1_13' title='bbox 412 255 488 286; x_wconf 87' lang='lat' dir='ltr'>satis</span> <span class='ocrx_word' id='word_1_14' title='bbox 501 266 565 286; x_wconf 85' lang='lat' dir='ltr'><strong>esse</strong></span> <span class='ocrx_word' id='word_1_15' title='bbox 578 256 640 286; x_wconf 89' lang='lat' dir='ltr'>hoc</span> <span class='ocrx_word' id='word_1_16' title='bbox 653 256 754 286; x_wconf 85' lang='lat' dir='ltr'>visum</span> <span class='ocrx_word' id='word_1_17' title='bbox 766 256 901 287; x_wconf 84' lang='lat' dir='ltr'>solidum</span> <span class='ocrx_word' id='word_1_18' title='bbox 915 264 961 287; x_wconf 88' lang='lat' dir='ltr'>est</span> <span class='ocrx_word' id='word_1_19' title='bbox 978 257 1139 299; x_wconf 79' lang='lat' dir='ltr'>gaudium,</span> 
     </span>
     <span class='ocr_line' id='line_1_4' title="bbox 148 315 1054 359; baseline 0.003 -14"><span class='ocrx_word' id='word_1_20' title='bbox 148 315 215 346; x_wconf 77' lang='lat' dir='ltr'>Nisi</span> <span class='ocrx_word' id='word_1_21' title='bbox 226 326 276 346; x_wconf 89' lang='lat' dir='ltr'>me</span> <span class='ocrx_word' id='word_1_22' title='bbox 289 315 435 347; x_wconf 83' lang='lat' dir='ltr'><strong>lactasses</strong></span> <span class='ocrx_word' id='word_1_23' title='bbox 449 322 626 352; x_wconf 82' lang='lat' dir='ltr'><strong>amantem,</strong></span> <span class='ocrx_word' id='word_1_24' title='bbox 639 322 672 346; x_wconf 88' lang='lat' dir='ltr'>et</span> <span class='ocrx_word' id='word_1_25' title='bbox 684 315 764 347; x_wconf 64' lang='lat' dir='ltr'>falsa</span> <span class='ocrx_word' id='word_1_26' title='bbox 777 327 831 358; x_wconf 89' lang='lat' dir='ltr'>spe</span> <span class='ocrx_word' id='word_1_27' title='bbox 844 317 1054 359; x_wconf 78' lang='lat' dir='ltr'>produceres?</span> 
     </span>
     <span class='ocr_line' id='line_1_5' title="bbox 149 375 280 406; baseline 0 0"><span class='ocrx_word' id='word_1_28' title='bbox 149 375 280 406; x_wconf 80' lang='lat' dir='ltr'>Habeas.</span> 
     </span>
    </p>
   </div>
   <div class='ocr_carea' id='block_1_3' title="bbox 262 513 1140 605">
    <p class='ocr_par' dir='ltr' id='par_1_4' title="bbox 262 513 1140 605">
     <span class='ocr_line' id='line_1_6' title="bbox 536 513 777 534; baseline 0 -1"><span class='ocrx_word' id='word_1_29' title='bbox 536 514 553 533; x_wconf 99' lang='grc' dir='ltr'>Ρ</span> <span class='ocrx_word' id='word_1_30' title='bbox 562 515 581 534; x_wconf 77' lang='lat' dir='ltr'>A</span> <span class='ocrx_word' id='word_1_31' title='bbox 592 513 615 533; x_wconf 80' lang='lat' dir='ltr'>M</span> <span class='ocrx_word' id='word_1_32' title='bbox 623 513 640 534; x_wconf 91' lang='grc' dir='ltr'>Ρ</span> <span class='ocrx_word' id='word_1_33' title='bbox 649 513 670 532; x_wconf 77' lang='lat' dir='ltr'><strong>n</strong></span> <span class='ocrx_word' id='word_1_34' title='bbox 680 514 690 533; x_wconf 95' lang='lat'>1</span> <span class='ocrx_word' id='word_1_35' title='bbox 699 514 716 534; x_wconf 78' lang='lat' dir='ltr'>L</span> <span class='ocrx_word' id='word_1_36' title='bbox 724 514 744 533; x_wconf 82' lang='lat' dir='ltr'>u</span> <span class='ocrx_word' id='word_1_37' title='bbox 753 514 777 533; x_wconf 83' lang='lat' dir='ltr'>s.</span> 
     </span>
     <span class='ocr_line' id='line_1_7' title="bbox 262 563 1140 605; baseline 0.001 -12"><span class='ocrx_word' id='word_1_38' title='bbox 262 563 415 594; x_wconf 83' lang='lat' dir='ltr'>Habeam!</span> <span class='ocrx_word' id='word_1_39' title='bbox 430 563 495 594; x_wconf 78' lang='lat' dir='ltr'>Ah!</span> <span class='ocrx_word' id='word_1_40' title='bbox 511 563 610 593; x_wconf 82' lang='lat' dir='ltr'><strong>nescis</strong></span> <span class='ocrx_word' id='word_1_41' title='bbox 624 563 753 605; x_wconf 80' lang='lat' dir='ltr'>quantis</span> <span class='ocrx_word' id='word_1_42' title='bbox 765 564 800 594; x_wconf 87' lang='lat' dir='ltr'>in</span> <span class='ocrx_word' id='word_1_43' title='bbox 814 563 907 594; x_wconf 86' lang='lat' dir='ltr'>malis</span> <span class='ocrx_word' id='word_1_44' title='bbox 919 575 1024 596; x_wconf 84' lang='lat' dir='ltr'>verser</span> <span class='ocrx_word' id='word_1_45' title='bbox 1036 565 1140 603; x_wconf 84' lang='lat' dir='ltr'>miser,</span> 
     </span>
    </p>
   </div>
   <div class='ocr_carea' id='block_1_4' title="bbox 151 624 1129 667">
    <p class='ocr_par' dir='ltr' id='par_1_5' title="bbox 151 624 1129 667">
     <span class='ocr_line' id='line_1_8' title="bbox 151 624 1129 667; baseline 0.001 -12"><span class='ocrx_word' id='word_1_46' title='bbox 151 629 357 667; x_wconf 80' lang='lat' dir='ltr'>Quantasque</span> <span class='ocrx_word' id='word_1_47' title='bbox 371 625 423 655; x_wconf 90' lang='lat' dir='ltr'>hic</span> <span class='ocrx_word' id='word_1_48' title='bbox 437 625 500 655; x_wconf 79' lang='lat' dir='ltr'>suis</span> <span class='ocrx_word' id='word_1_49' title='bbox 513 624 652 656; x_wconf 80' lang='lat' dir='ltr'>consiliis</span> <span class='ocrx_word' id='word_1_50' title='bbox 663 624 742 656; x_wconf 83' lang='lat' dir='ltr'>mihi</span> <span class='ocrx_word' id='word_1_51' title='bbox 754 625 888 656; x_wconf 85' lang='lat' dir='ltr'><strong>confecit</strong></span> <span class='ocrx_word' id='word_1_52' title='bbox 900 625 1129 657; x_wconf 79' lang='lat' dir='ltr'>sollicitudines</span> 
     </span>
    </p>
   </div>
   <div class='ocr_carea' id='block_1_5' title="bbox 150 685 401 716">
    <p class='ocr_par' dir='ltr' id='par_1_6' title="bbox 150 685 401 716">
     <span class='ocr_line' id='line_1_9' title="bbox 150 685 401 716; baseline -0.004 0"><span class='ocrx_word' id='word_1_53' title='bbox 150 688 238 716; x_wconf 84' lang='lat' dir='ltr'>Meus</span> <span class='ocrx_word' id='word_1_54' title='bbox 251 685 401 716; x_wconf 78' lang='lat' dir='ltr'>carnifex.</span> 
     </span>
    </p>
   </div>
   <div class='ocr_carea' id='block_1_6' title="bbox 553 816 764 836">
    <p class='ocr_par' dir='ltr' id='par_1_7' title="bbox 553 816 764 836">
     <span class='ocr_line' id='line_1_10' title="bbox 553 816 764 836; baseline -0.005 0"><span class='ocrx_word' id='word_1_55' title='bbox 553 816 764 836; x_wconf 67' lang='lat' dir='ltr'>CHARINUS.</span> 
     </span>
    </p>
   </div>
   <div class='ocr_carea' id='block_1_7' title="bbox 240 866 1140 909">
    <p class='ocr_par' dir='ltr' id='par_1_8' title="bbox 240 866 1140 909">
     <span class='ocr_line' id='line_1_11' title="bbox 240 866 1140 909; baseline -0.001 -11"><span class='ocrx_word' id='word_1_56' title='bbox 240 868 324 909; x_wconf 86' lang='lat' dir='ltr'>Quid</span> <span class='ocrx_word' id='word_1_57' title='bbox 336 869 415 899; x_wconf 86' lang='lat' dir='ltr'>istuc</span> <span class='ocrx_word' id='word_1_58' title='bbox 429 874 494 898; x_wconf 86' lang='lat' dir='ltr'>tam</span> <span class='ocrx_word' id='word_1_59' title='bbox 507 868 623 897; x_wconf 87' lang='lat' dir='ltr'>mirum</span> <span class='ocrx_word' id='word_1_60' title='bbox 635 874 698 905; x_wconf 82' lang='lat' dir='ltr'><strong>est,</strong></span> <span class='ocrx_word' id='word_1_61' title='bbox 711 869 737 897; x_wconf 88' lang='lat' dir='ltr'>si</span> <span class='ocrx_word' id='word_1_62' title='bbox 751 866 790 897; x_wconf 83' lang='lat' dir='ltr'>de</span> <span class='ocrx_word' id='word_1_63' title='bbox 804 873 834 897; x_wconf 89' lang='lat' dir='ltr'>te</span> <span class='ocrx_word' id='word_1_64' title='bbox 847 867 1024 908; x_wconf 71' lang='lat' dir='ltr'>exemplum</span> <span class='ocrx_word' id='word_1_65' title='bbox 1037 867 1140 908; x_wconf 75' lang='lat' dir='ltr'>capit?</span> 
     </span>
    </p>
   </div>
   <div class='ocr_carea' id='block_1_8' title="bbox 536 1005 777 1026">
    <p class='ocr_par' dir='ltr' id='par_1_9' title="bbox 536 1005 777 1026">
     <span class='ocr_line' id='line_1_12' title="bbox 536 1005 777 1026; baseline -0.008 0"><span class='ocrx_word' id='word_1_66' title='bbox 536 1005 777 1026; x_wconf 75' lang='lat' dir='ltr'>PAMPHILUS.</span> 
     </span>
    </p>
   </div>
   <div class='ocr_carea' id='block_1_9' title="bbox 152 1055 1131 1098">
    <p class='ocr_par' dir='ltr' id='par_1_10' title="bbox 152 1055 1131 1098">
     <span class='ocr_line' id='line_1_13' title="bbox 152 1055 1131 1098; baseline -0.001 -11"><span class='ocrx_word' id='word_1_67' title='bbox 152 1057 243 1087; x_wconf 86' lang='lat' dir='ltr'>Haud</span> <span class='ocrx_word' id='word_1_68' title='bbox 255 1058 334 1087; x_wconf 82' lang='lat' dir='ltr'>istuc</span> <span class='ocrx_word' id='word_1_69' title='bbox 348 1056 448 1095; x_wconf 82' lang='lat' dir='ltr'>dicas,</span> <span class='ocrx_word' id='word_1_70' title='bbox 463 1056 488 1086; x_wconf 87' lang='lat' dir='ltr'>si</span> <span class='ocrx_word' id='word_1_71' title='bbox 501 1057 646 1098; x_wconf 81' lang='lat' dir='ltr'>cognoris</span> <span class='ocrx_word' id='word_1_72' title='bbox 659 1055 709 1086; x_wconf 68' lang='lat' dir='ltr'>vel</span> <span class='ocrx_word' id='word_1_73' title='bbox 721 1066 786 1094; x_wconf 87' lang='lat' dir='ltr'>me,</span> <span class='ocrx_word' id='word_1_74' title='bbox 801 1055 851 1085; x_wconf 69' lang='lat' dir='ltr'>vel</span> <span class='ocrx_word' id='word_1_75' title='bbox 865 1066 1005 1086; x_wconf 86' lang='lat' dir='ltr'>amorem</span> <span class='ocrx_word' id='word_1_76' title='bbox 1018 1067 1131 1086; x_wconf 85' lang='lat' dir='ltr'>meum.</span> 
     </span>
    </p>
   </div>
   <div class='ocr_carea' id='block_1_10' title="bbox 152 1188 1139 1328">
    <p class='ocr_par' dir='ltr' id='par_1_11' title="bbox 152 1188 1139 1328">
     <span class='ocr_line' id='line_1_14' title="bbox 551 1188 764 1209; baseline -0.005 -1"><span class='ocrx_word' id='word_1_77' title='bbox 551 1189 567 1208; x_wconf 87' lang='lat' dir='ltr'><strong>c</strong></span> <span class='ocrx_word' id='word_1_78' title='bbox 575 1188 596 1208; x_wconf 85' lang='lat' dir='ltr'><strong>H</strong></span> <span class='ocrx_word' id='word_1_79' title='bbox 605 1189 625 1209; x_wconf 76' lang='lat' dir='ltr'>A</span> <span class='ocrx_word' id='word_1_80' title='bbox 634 1189 653 1208; x_wconf 79' lang='lat' dir='ltr'>R</span> <span class='ocrx_word' id='word_1_81' title='bbox 662 1189 671 1208; x_wconf 90' lang='grc' dir='ltr'>ι</span> <span class='ocrx_word' id='word_1_82' title='bbox 684 1188 703 1207; x_wconf 82' lang='lat' dir='ltr'>N</span> <span class='ocrx_word' id='word_1_83' title='bbox 712 1189 733 1208; x_wconf 78' lang='lat' dir='ltr'>U</span> <span class='ocrx_word' id='word_1_84' title='bbox 741 1188 764 1208; x_wconf 85' lang='lat' dir='ltr'>s.</span> 
     </span>
     <span class='ocr_line' id='line_1_15' title="bbox 152 1237 1139 1279; baseline -0.002 -10"><span class='ocrx_word' id='word_1_85' title='bbox 152 1239 218 1269; x_wconf 82' lang='lat' dir='ltr'>Scio</span> <span class='ocrx_word' id='word_1_86' title='bbox 233 1249 239 1268; x_wconf 79' lang='lat' dir='ltr'>z</span> <span class='ocrx_word' id='word_1_87' title='bbox 254 1248 326 1269; x_wconf 85' lang='lat' dir='ltr'>cum</span> <span class='ocrx_word' id='word_1_88' title='bbox 340 1244 429 1279; x_wconf 87' lang='lat' dir='ltr'><strong>patre</strong></span> <span class='ocrx_word' id='word_1_89' title='bbox 442 1238 604 1269; x_wconf 85' lang='lat' dir='ltr'>altercasti</span> <span class='ocrx_word' id='word_1_90' title='bbox 618 1237 756 1276; x_wconf 80' lang='lat' dir='ltr'>dudum,</span> <span class='ocrx_word' id='word_1_91' title='bbox 775 1244 808 1268; x_wconf 82' lang='lat' dir='ltr'>et</span> <span class='ocrx_word' id='word_1_92' title='bbox 825 1238 852 1268; x_wconf 81' lang='lat' dir='ltr'>is</span> <span class='ocrx_word' id='word_1_93' title='bbox 869 1248 955 1268; x_wconf 89' lang='lat' dir='ltr'>nunc</span> <span class='ocrx_word' id='word_1_94' title='bbox 972 1239 1139 1279; x_wconf 66' lang='lat' dir='ltr'><strong>propteret&#39;n</strong></span> 
     </span>
     <span class='ocr_line' id='line_1_16' title="bbox 196 1299 255 1328; baseline 0 0"><span class='ocrx_word' id='word_1_95' title='bbox 196 1299 255 1328; x_wconf 87' lang='lat' dir='ltr'>tibi</span> 
     </span>
    </p>
   </div>
   <div class='ocr_carea' id='block_1_11' title="bbox 152 1358 1116 1402">
    <p class='ocr_par' dir='ltr' id='par_1_12' title="bbox 152 1358 1116 1402">
     <span class='ocr_line' id='line_1_17' title="bbox 152 1358 1116 1402; baseline -0.003 -11"><span class='ocrx_word' id='word_1_96' title='bbox 152 1364 334 1391; x_wconf 84' lang='lat' dir='ltr'>Succenset:</span> <span class='ocrx_word' id='word_1_97' title='bbox 348 1370 406 1391; x_wconf 86' lang='lat' dir='ltr'>nec</span> <span class='ocrx_word' id='word_1_98' title='bbox 421 1366 450 1390; x_wconf 88' lang='lat' dir='ltr'>te</span> <span class='ocrx_word' id='word_1_99' title='bbox 464 1359 566 1402; x_wconf 84' lang='lat' dir='ltr'>quivit</span> <span class='ocrx_word' id='word_1_100' title='bbox 579 1358 674 1389; x_wconf 63' lang='lat' dir='ltr'>hodic}</span> <span class='ocrx_word' id='word_1_101' title='bbox 687 1369 798 1401; x_wconf 80' lang='lat' dir='ltr'>cogere</span> <span class='ocrx_word' id='word_1_102' title='bbox 808 1384 816 1397; x_wconf 90' lang='lat'>,</span> <span class='ocrx_word' id='word_1_103' title='bbox 827 1358 916 1389; x_wconf 82' lang='lat' dir='ltr'>illam</span> <span class='ocrx_word' id='word_1_104' title='bbox 928 1364 964 1388; x_wconf 93' lang='lat' dir='ltr'>ut</span> <span class='ocrx_word' id='word_1_105' title='bbox 976 1358 1116 1389; x_wconf 88' lang='lat' dir='ltr'>duceres.</span> 
     </span>
    </p>
   </div>
   <div class='ocr_carea' id='block_1_12' title="bbox 151 1564 940 1715">
    <p class='ocr_par' dir='ltr' id='par_1_13' title="bbox 151 1564 940 1715">
     <span class='ocr_line' id='line_1_18' title="bbox 538 1564 777 1585; baseline -0.004 -1"><span class='ocrx_word' id='word_1_106' title='bbox 538 1565 555 1584; x_wconf 86' lang='grc' dir='ltr'>Ρ</span> <span class='ocrx_word' id='word_1_107' title='bbox 565 1565 583 1585; x_wconf 77' lang='lat' dir='ltr'>A</span> <span class='ocrx_word' id='word_1_108' title='bbox 593 1564 617 1584; x_wconf 74' lang='lat' dir='ltr'>M</span> <span class='ocrx_word' id='word_1_109' title='bbox 624 1565 642 1584; x_wconf 89' lang='grc' dir='ltr'>Ρ</span> <span class='ocrx_word' id='word_1_110' title='bbox 650 1564 672 1584; x_wconf 76' lang='grc' dir='ltr'><strong>Η</strong></span> <span class='ocrx_word' id='word_1_111' title='bbox 681 1565 691 1584; x_wconf 87' lang='lat'>1</span> <span class='ocrx_word' id='word_1_112' title='bbox 700 1565 717 1584; x_wconf 83' lang='lat' dir='ltr'>L</span> <span class='ocrx_word' id='word_1_113' title='bbox 724 1564 744 1584; x_wconf 79' lang='lat' dir='ltr'>u</span> <span class='ocrx_word' id='word_1_114' title='bbox 753 1564 777 1584; x_wconf 91' lang='lat' dir='ltr'>s.</span> 
     </span>
     <span class='ocr_line' id='line_1_19' title="bbox 151 1613 940 1654; baseline 0 -10"><span class='ocrx_word' id='word_1_115' title='bbox 151 1615 217 1644; x_wconf 76' lang='lat' dir='ltr'>Imb</span> <span class='ocrx_word' id='word_1_116' title='bbox 231 1615 336 1644; x_wconf 86' lang='lat' dir='ltr'><strong>etiam.</strong></span> <span class='ocrx_word' id='word_1_117' title='bbox 351 1615 421 1654; x_wconf 58' lang='lat' dir='ltr'>Qut)</span> <span class='ocrx_word' id='word_1_118' title='bbox 435 1620 471 1644; x_wconf 91' lang='lat' dir='ltr'>tu</span> <span class='ocrx_word' id='word_1_119' title='bbox 483 1613 589 1644; x_wconf 76' lang='lat' dir='ltr'>minus</span> <span class='ocrx_word' id='word_1_120' title='bbox 602 1614 659 1644; x_wconf 82' lang='lat' dir='ltr'>scis</span> <span class='ocrx_word' id='word_1_121' title='bbox 671 1624 827 1644; x_wconf 82' lang='lat' dir='ltr'>aerumnas</span> <span class='ocrx_word' id='word_1_122' title='bbox 839 1614 940 1644; x_wconf 86' lang='lat' dir='ltr'>meas!</span> 
     </span>
     <span class='ocr_line' id='line_1_20' title="bbox 152 1673 776 1715; baseline -0.003 -11"><span class='ocrx_word' id='word_1_123' title='bbox 152 1678 204 1705; x_wconf 81' lang='lat' dir='ltr'>Hae</span> <span class='ocrx_word' id='word_1_124' title='bbox 218 1674 336 1715; x_wconf 80' lang='lat' dir='ltr'>nuptiae</span> <span class='ocrx_word' id='word_1_125' title='bbox 349 1685 415 1704; x_wconf 88' lang='lat' dir='ltr'>nou</span> <span class='ocrx_word' id='word_1_126' title='bbox 428 1673 669 1715; x_wconf 82' lang='lat' dir='ltr'>apparabantur</span> <span class='ocrx_word' id='word_1_127' title='bbox 681 1673 759 1705; x_wconf 85' lang='lat' dir='ltr'>mihi</span> <span class='ocrx_word' id='word_1_128' title='bbox 769 1699 776 1711; x_wconf 86' lang='lat'><em>,</em></span> 
     </span>
    </p>
   </div>
   <div class='ocr_carea' id='block_1_13' title="bbox 152 1734 931 1778">
    <p class='ocr_par' dir='ltr' id='par_1_14' title="bbox 152 1734 931 1778">
     <span class='ocr_line' id='line_1_21' title="bbox 152 1734 931 1778; baseline -0.001 -13"><span class='ocrx_word' id='word_1_129' title='bbox 152 1738 213 1765; x_wconf 78' lang='lat' dir='ltr'>Nec</span> <span class='ocrx_word' id='word_1_130' title='bbox 228 1735 408 1776; x_wconf 81' lang='lat' dir='ltr'>postulabat</span> <span class='ocrx_word' id='word_1_131' title='bbox 422 1746 508 1766; x_wconf 84' lang='lat' dir='ltr'>nuuc</span> <span class='ocrx_word' id='word_1_132' title='bbox 520 1736 689 1778; x_wconf 80' lang='lat' dir='ltr'>quisquam</span> <span class='ocrx_word' id='word_1_133' title='bbox 703 1746 832 1765; x_wconf 81' lang='lat' dir='ltr'>uxorem</span> <span class='ocrx_word' id='word_1_134' title='bbox 847 1734 931 1765; x_wconf 85' lang='lat' dir='ltr'>dare.</span> 
     </span>
    </p>
   </div>
  </div>
 </body>
</html>
