1294 2149
113 138 145 166 18
522 136 706 164 ANDRIA.

107 208 284 239 Perduxere
297 208 372 238 illuc
388 216 507 244 secum,
521 211 556 235 ut
569 207 634 236 una
647 211 742 243 esset,
756 216 870 236 meum.

107 272 237 309 Egomet
250 268 401 298 continuo
414 277 553 297 mecum:
567 266 652 295 certe
665 271 776 306 captus
788 272 851 305 est,

106 327 219 358 Habet.
235 327 449 358 Observabam
461 327 553 356 mane
566 324 697 356 illorum
709 326 850 357 servulos

109 387 276 418 Venientes
285 413 292 426 ,
306 394 362 417 aut
375 387 542 421 abeuntes;
558 386 736 428 rogitabam
749 397 756 416 ε
771 389 854 418 Heus
863 413 870 425 ‚
884 398 973 429 puer,

106 448 163 478 Dic
176 447 264 478 sodes
274 473 281 485 ‚
296 447 367 489 quis
382 447 450 477 heri
463 445 651 487 Chrysidem
664 445 799 476 habuit?
809 449 888 477 Nam
900 447 1024 477 Andriae

107 505 157 536 Illi
171 507 205 537 id
218 513 287 537 erat
299 517 424 538 nomen.

556 703 673 724 SOSIA.

439 757 554 784 Teneo.

563 833 576 853 s
584 834 595 854 1
604 834 628 854 M
635 834 664 854 o.

559 882 744 922 Phaedrum,
758 890 813 914 aut
826 884 962 916 Cliniam

109 943 279 982 Dicebant,
293 949 349 973 aut
362 943 546 987 Niceratum
559 945 651 983 (nam
663 943 697 974 hi
711 951 774 975 tres
787 945 855 975 tum
867 945 962 975 simul

109 1005 297 1044 Amabant).
314 1004 380 1035 Eho
390 1029 397 1041 ‚
413 1004 492 1047 quid
504 1004 707 1046 Pamphilus?
719 1005 823 1046 Quid?
835 1006 1016 1050 Symbolam

108 1064 217 1102 Dedit,
233 1066 377 1097 coenavit.
394 1065 588 1096 Gaudebam.
601 1068 681 1096 Item
693 1065 756 1096 aJio
770 1065 822 1096 die

109 1123 312 1162 Quaerebam3
327 1123 560 1165 comperiebam
574 1123 653 1155 nihil
667 1124 707 1155 ad
719 1124 920 1166 Pamphilum

109 1183 291 1226 Quidquam
305 1185 452 1214 attinere.
469 1185 636 1215 Enimvero
648 1191 825 1225 spectatum
837 1185 913 1215 satis

108 1245 278 1284 Putabam,
292 1252 324 1276 et
336 1256 487 1288 magnum
500 1245 678 1287 exemplum
691 1246 895 1276 continentiae
907 1257 915 1275 ;

108 1309 188 1337 Nam
201 1308 257 1349 qui
269 1318 341 1337 cum
354 1308 490 1349 ingeniis
502 1306 705 1338 conflictatur
716 1307 885 1349 ejusmodi,

108 1369 216 1410 Neque
230 1374 447 1398 commovetur
460 1369 584 1399 animus
596 1369 631 1399 in
645 1369 681 1399 ea
694 1379 728 1399 re
742 1374 866 1406 tamen,

111 1428 194 1458 Scias
208 1439 297 1469 posse
310 1428 429 1459 habere
438 1429 504 1470 jam
517 1430 621 1470 ipsum
634 1440 696 1459 suae
708 1429 779 1459 vitae
791 1428 933 1459 modum.

111 1489 193 1518 Ciim
205 1488 238 1518 id
251 1489 329 1520 mihi
343 1489 505 1530 placebat,
521 1490 590 1520 tiim
602 1501 667 1520 uno
682 1501 736 1520 ore
749 1500 858 1520 omues
870 1489 978 1520 omnia

109 1553 197 1581 Bona
210 1550 313 1581 dicere
322 1575 330 1587 ,
344 1558 375 1581 et
388 1551 519 1582 laudare
533 1552 678 1582 fortunas
691 1563 793 1589 meas,

108 1612 171 1652 Qui
183 1618 316 1653 gnatum
329 1612 478 1643 haberem
492 1613 549 1643 tali
560 1613 687 1655 iugenio
701 1612 879 1654 praeditum.

109 1672 195 1712 Quid
207 1673 312 1703 verbis
326 1684 404 1714 opus
418 1676 483 1704 est?
496 1677 559 1704 Hac
573 1673 658 1704 fama
670 1673 822 1714 impulsus
835 1672 983 1704 Chremes

108 1731 201 1763 Ultro
214 1732 255 1763 ad
267 1744 317 1764 me
330 1735 417 1764 venit
426 1760 434 1772 ‚
446 1734 573 1765 unicam
585 1740 715 1775 gnatam
727 1744 815 1764 suam
