1294 2149
157 150 213 186 140
561 150 744 178 ANDRIA.

152 221 211 251 Sed
224 220 303 262 quid
316 222 426 262 agam?
437 219 596 250 Adeamne
609 220 651 250 ad
669 231 757 256 eum,
772 226 803 250 et
821 230 893 250 cum
912 230 948 250 eo
967 220 1118 261 injuriam

195 282 279 312 hauc
293 281 507 323 expostulem?

151 341 236 372 Mala
251 342 391 384 ingeram
404 341 524 372 multa?
537 344 640 382 Atque
654 340 770 383 aliquis
782 340 867 372 dicat
876 366 884 379 ,
898 340 980 371 nihil
993 351 1119 382 promo-

196 403 288 433 veris.

153 462 291 493 Multitm
304 474 310 492 z
324 462 474 493 molestus
488 462 572 492 certi?
588 462 616 491 ei
634 461 740 499 fuero,
760 467 856 504 atque
875 462 980 492 auimo
1000 471 1120 492 morem

198 532 329 563 gessero.

538 660 555 678 p
564 661 583 679 A
592 660 616 679 Μ
625 660 642 679 p
651 660 671 679 Η
682 660 691 678 1
699 661 717 679 L
724 660 744 679 U
753 660 776 679 s.

155 709 309 747 Charine,
323 716 355 739 et
368 720 416 739 me
431 716 461 739 et
472 715 502 739 te
516 708 717 750 imprudens,
733 708 792 739 nisi
805 709 882 751 quid
897 709 940 739 dii
953 708 1140 750 respiciunt,

200 769 332 810 perdidi.

556 907 572 926 c
581 906 601 926 11
611 907 629 926 Α
640 907 658 926 n
667 907 677 926 1
687 906 706 926 N
714 907 734 926 u
744 908 769 926 s.

155 959 245 988 Itime
264 957 467 998 imprudens?
488 957 629 988 Tandem
649 957 781 988 inventa
801 963 848 988 est
868 967 961 987 causa
970 983 977 995 ,
1000 956 1121 987 solvisti

199 1016 304 1048 fldem.

543 1090 560 1109 P
570 1090 588 1110 A
598 1089 621 1109 M
629 1091 646 1110 P
655 1090 675 1109 H
685 1090 695 1110 1
704 1091 721 1110 1,
729 1090 749 1110 υ
758 1090 781 1109 s.

157 1141 219 1179 Qui
234 1140 381 1171 tandem?

556 1210 601 1230 cn
611 1212 629 1231 A
639 1211 658 1230 n
667 1212 676 1231 1
689 1211 709 1230 x
718 1212 737 1230 U
746 1211 770 1230 s.

379 1262 480 1292 Etiam
494 1272 579 1291 nunc
592 1272 641 1292 me
655 1261 769 1292 ducere
781 1262 848 1292 istis
861 1260 953 1292 dictis
966 1260 1125 1302 postulas?

545 1400 783 1421 pnwuuus.

159 1450 243 1490 Quid
257 1452 336 1481 istuc
350 1452 415 1481 est?

558 1523 575 1541 c
586 1523 606 1542 Η
617 1524 635 1542 Α
645 1522 664 1542 R
673 1523 683 1542 1
692 1523 711 1542 x
722 1522 741 1542 u
751 1523 775 1542 s.

358 1575 528 1616 Postquiuu
540 1584 590 1604 me
603 1584 708 1604 amare
722 1572 803 1611 dixi,
817 1571 1007 1613 complacita
1019 1577 1065 1602 est
1079 1571 1148 1602 tibi.

160 1635 227 1662 Heu
239 1643 290 1663 me
304 1634 453 1663 miserum
463 1659 470 1671 ‚
484 1633 540 1675 qui
560 1639 651 1663 tuum
671 1633 813 1663 animum
832 1642 869 1663 ex
889 1632 995 1663 animo
1015 1633 1152 1673 spectavi

204 1706 274 1725 meo
285 1696 291 1724 !

549 1764 786 1785 PAMPnlLus.

162 1815 270 1847 rahans
284 1828 324 1847 es.
