1294 2149
231 234 514 297 ACTUS
557 235 962 311 QUINTUS.

522 388 668 398 —.—-—

439 543 672 595 SCENA
707 547 744 593 Ι.

402 670 634 706 CHREMES,
658 670 780 698 SIMO.

495 800 512 819 c
521 800 541 819 11
551 800 570 819 R
580 800 597 819 E
605 800 628 819 M
638 801 655 819 E
663 800 686 819 s.

82 848 252 890 Safisjam,
267 849 356 885 satis,
371 850 471 886 Simo,
486 856 627 890 spectata
640 860 714 890 erga
728 856 758 879 te
771 850 910 879 amicitia
923 856 968 880 est
981 860 1051 880 mea
1066 861 1072 879 :

82 911 160 940 Satis
173 909 284 951 pericli
297 911 376 951 coepi
389 910 476 940 adire
488 921 494 939 :
510 909 624 940 orandi
633 910 699 951 jam
713 909 808 940 finem
822 910 899 940 face.

80 972 162 1002 Dfun
175 972 286 1002 studeo
300 971 431 1014 obsequi
445 972 520 1010 tibi,
534 974 614 1013 pen'e
626 971 711 1002 illusi
725 972 824 1002 vitam
835 971 916 1002 filiae.

535 1108 548 1126 s
558 1107 568 1127 1
578 1108 601 1127 M
609 1108 638 1127 o.

79 1159 142 1188 11110
157 1158 241 1187 euim
254 1168 339 1188 nunc
354 1159 448 1200 quixm
464 1158 600 1189 maxime
612 1158 668 1188 abs
682 1165 711 1188 te
725 1157 850 1199 postulo
864 1164 960 1200 atque
973 1169 1045 1194 oro,

123 1218 257 1248 Chreme
266 1241 274 1253 ‚

77 1282 120 1309 Ut
133 1279 320 1310 heneficium
333 1279 438 1310 verbis
448 1280 564 1310 initum
575 1279 696 1310 dudt'nn
705 1304 713 1317 ‚
725 1291 810 1310 nunc
821 1290 854 1310 re
865 1279 1058 1320 comprobes.

487 1413 503 1432 c
514 1413 533 1432 11
544 1413 563 1432 n
572 1413 589 1432 E
597 1413 620 1432 ,η
630 1413 646 1432 n
655 1413 678 1431 s.

74 1460 152 1491 Vide
162 1487 168 1499 ‚
183 1462 279 1503 quiim
291 1462 421 1504 iniquus
435 1463 474 1493 sis
488 1474 552 1503 prm
564 1461 670 1492 studio
680 1485 687 1498 ‚
702 1461 778 1492 dnm
797 1460 912 1491 efficias
931 1461 963 1491 id
979 1461 1066 1504 quod

118 1522 215 1562 cupis.

73 1585 181 1626 Neque
199 1584 330 1614 modum
349 1583 573 1626 benignitatis,
593 1595 713 1626 neque,
735 1583 813 1626 quid
831 1594 881 1614 me
900 1594 969 1614 ores
981 1607 988 1619 ‚
1006 1595 1057 1613 co-

117 1644 207 1685 gitas.

73 1706 152 1734 Nam
164 1705 189 1734 si
202 1705 318 1746 cogites
327 1728 335 1739 ‚
350 1705 492 1736 remittas
502 1704 568 1744 jam
581 1716 629 1735 me
643 1716 776 1736 onerare
789 1705 923 1746 injuriis.
