1294 2149
175 112 212 141 72
249 113 253 116 ·
546 102 809 131 EUNUCHUS.

576 181 773 203 PARMENo.

174 231 258 271 Quid
267 256 275 269 ‚
287 231 314 262 si
326 241 411 262 nunc
424 237 492 262 tute
505 227 687 262 fortunafus
699 230 774 262 fias?

183 278 187 281 .
592 301 754 322 CHEREA.

768 351 840 392 Qu&
850 362 884 383 re
892 377 901 391 ,
912 354 1085 384 Parmeno?

173 410 344 452 Responde.

578 487 596 507 P
604 487 623 507 A
632 487 651 506 R
659 486 683 506 M
691 487 710 507 E
717 487 737 507 N
745 488 774 507 0.

328 537 439 577 Capias
452 543 488 567 tu
500 536 584 567 illius
598 543 726 567 vestem.

591 606 608 626 c
616 606 637 625 n
646 607 664 626 E
671 607 690 627 R
700 607 718 627 Ε
725 607 744 626 Α
750 619 756 624 .

724 657 868 686 Vestem?
881 655 964 696 Quid
976 662 1045 687 tum
1057 657 1184 698 posteii'?
1233 671 1237 674 -

579 727 777 748 PARMExo.
1291 737 1294 756 4

176 779 236 806 Pro
248 775 303 807 illo
317 782 347 806 te
360 775 523 807 deducam.
1291 765 1294 771 ⁴

593 847 756 869 CHEREA.

527 897 637 928 Audio.

580 974 598 994 P
607 974 626 994 Α
636 974 655 994 n
662 973 687 993 M
695 974 739 994 EN
748 975 777 995 o.

638 1026 681 1054 Te
694 1023 786 1054 illum
798 1035 862 1056 esse
872 1024 983 1056 dicam.

595 1095 612 1115 c
622 1094 643 1114 n
652 1096 669 1116 E
677 1096 696 1115 R
704 1097 722 1116 E
729 1097 759 1116 A.

990 1147 1146 1190 Intelligo.

583 1217 600 1237 Ρ
608 1218 627 1237 A
636 1217 655 1237 R
662 1216 687 1236 M
695 1217 713 1236 E
720 1217 741 1237 N
749 1217 777 1238 ο,

177 1268 224 1295 'ru
236 1263 299 1296 illis
313 1265 418 1296 fruare
433 1265 604 1296 commodis
612 1290 620 1304 ‚
634 1265 749 1308 quibus
763 1272 799 1296 tu
811 1265 904 1296 illum
915 1265 1040 1296 dicebas
1052 1265 1163 1297 modb:

178 1327 292 1357 Cibum
304 1329 369 1358 unzi
381 1328 485 1368 capias
493 1353 501 1366 ‚
515 1327 597 1358 adsis
606 1353 613 1366 ‚
626 1334 737 1370 tangas
745 1353 754 1367 ,
766 1327 857 1359 ludas
866 1354 874 1367 ,
886 1334 1017 1370 propter
1029 1328 1166 1359 dormias
1178 1338 1186 1357 τ

178 1388 445 1430 Quandoquidem
458 1388 586 1419 illarum
601 1400 704 1432 neque
717 1390 888 1432 quisquam
900 1395 931 1421 te
944 1390 1049 1429 novit,
1062 1399 1166 1432 neque

221 1448 279 1480 sci't
292 1451 347 1492 qui
359 1451 427 1481 sies.

178 1512 333 1540 Praeterea
345 1510 464 1549 forma,
477 1517 509 1541 et
521 1517 594 1542 aetas
607 1511 674 1553 ipsa
687 1518 750 1551 est,
763 1510 854 1542 facile}
867 1517 903 1542 ut
915 1521 974 1553 pro
987 1509 1133 1542 eunucho

221 1571 346 1612 probes.

598 1715 616 1736 c
624 1714 644 1735 n
654 1716 671 1735 E
679 1715 698 1736 n
707 1716 724 1736 E
731 1717 762 1736 Α.

180 1763 290 1794 Dixisti
303 1762 451 1804 pulchre:
466 1774 634 1806 nunquam
647 1765 712 1795 vidi
724 1765 835 1797 melius
848 1763 1015 1796 consilium
1028 1764 1106 1796 dari.
