1294 2149
221 121 280 159 194
588 122 854 152 EUNUCHUS.

625 203 642 223 c
650 204 671 223 n
680 204 699 223 n
709 205 726 224 E
733 204 758 225 M
767 205 785 224 E
793 205 816 224 s.

765 255 892 284 Omnia.

630 324 647 343 P
655 322 674 342 Y
683 324 701 342 τ
710 323 730 343 1³
741 324 750 343 1
761 325 780 343 A
790 324 813 343 s.

215 373 334 404 Amabo
345 397 352 410 ‚
368 372 447 415 quid
461 373 526 402 ait?
539 373 768 413 Cognoscitne'?

624 442 817 462 ennena&

763 494 807 521 Ac
819 493 1011 523 memoriter.

627 561 811 582 PYTHIA&

215 617 295 644 Bene
306 637 313 650 ‚
329 612 458 654 edepol,
472 623 599 643 narras:
613 623 688 643 nam
701 612 749 642 illi
763 613 853 643 faveo
866 613 995 656 virgini.

214 678 259 705 lte
273 675 358 704 intro
370 674 578 715 :jamdudum
591 673 668 704 hera
682 684 737 703 vos
751 680 896 715 expectat
908 674 1005 704 domi.

214 736 324 765 Virum
337 734 456 764 bouum
470 745 578 764 eccum
590 736 819 764 Parmenonem
833 733 980 764 incedere

214 795 322 825 Video.
338 793 447 825 Viden’
461 801 498 825 ut
511 794 630 825 otiosus
643 795 687 824 it?
700 795 730 824 Si
743 795 791 824 dis
804 794 925 835 placet,

214 858 310 896 Spero
323 866 373 885 me
387 854 505 885 habere
514 879 522 891 ,
537 856 593 897 qui
608 854 694 884 hunc
707 865 776 884 meo
791 854 967 884 excruciem
980 855 1083 886 modo.

213 917 269 946 lbo
284 916 370 946 intre>
380 940 387 952 ‚
403 916 441 946 de
454 915 635 957 cognitione
648 922 684 945 ut
698 921 821 945 certum
834 915 940 945 sciam.

215 980 287 1008 Post
301 977 409 1012 exibo,
425 983 521 1019 atque
534 976 619 1006 hunc
634 976 819 1017 perterrebo
833 975 1027 1017 sacrilegum.

540 1341 773 1391 SCENA
808 1343 900 1393 IV.

481 1461 719 1497 PARMENO,
753 1461 964 1490 PYTHIAS.

625 1598 643 1617 p
652 1599 669 1618 A
681 1599 730 1618 nu
741 1599 824 1620 emo.

215 1645 343 1681 Reviso,
359 1645 512 1687 quidnam
527 1645 648 1677 Cherea
662 1646 713 1678 hic
727 1658 833 1678 rerum
845 1653 945 1690 gerat.

216 1706 310 1745 Quod
326 1707 352 1737 si
365 1714 435 1737 astu
450 1719 516 1738 rem
532 1708 696 1746 tractavit,
710 1708 743 1738 d?
757 1715 895 1739 vestram
908 1708 999 1739 fidem
1010 1733 1016 1739 .
