1294 2149
141 86 216 115 '118
483 91 487 94 ”
566 86 750 116 ANDRIA.

154 157 301 200 Dumque
313 156 380 198 ejus
392 155 493 187 libido
506 156 630 187 occlusa
644 163 690 187 est
703 157 912 189 contumelijs.

154 218 243 248 Prius
256 218 352 260 quem
364 217 480 248 harum
491 216 609 248 scelera
622 224 654 248 et
666 217 813 260 lacrymae
825 218 980 256 confictae‚
995 218 1074 250 dolis

153 276 317 307 Reducaut
330 277 473 307 animum
485 283 638 319 aegrotum
652 277 692 307 ad
705 278 969 317 misericordiam,

153 341 291 368 Uxorem
304 338 422 368 demus.
438 340 533 379 Spero
542 362 550 375 ‚
565 338 793 369 consuetudine
806 345 838 370 et

154 397 308 439 Conjugio
323 396 449 427 liberali
463 397 662 436 devinctum,
677 396 827 436 Chreme,

152 456 274 488 Dehinc
286 457 379 488 facile
392 467 429 487 ex
441 456 503 487 illis
516 468 581 487 sese
594 468 790 489 emersurum
802 458 901 489 malis.

563 657 581 676 c
589 657 609 676 H
618 657 637 676 n
646 658 662 676 Ε
670 657 693 676 Μ
703 658 720 677 r:
728 658 751 676 s.

152 705 223 735 Tibi
236 706 279 736 itii
292 705 352 736 hoc
365 706 501 743 videtur,
515 712 547 736 at
560 717 618 747 ego
633 717 697 736 non
711 717 799 747 posse
812 706 952 737 arbitror

152 769 258 809 Neque
272 767 362 798 illum
375 767 458 798 hanc
472 769 625 809 perpetuo
638 767 757 798 habere
767 793 774 806 ,
788 779 891 810 neque
904 779 954 799 me
968 770 1123 810 perpeti...

604 899 618 918 s
628 899 637 918 1
647 898 708 918 mo.

150 949 212 987 Qui
227 948 283 978 scis
296 949 369 990 ergo
382 948 462 979 istuc
471 973 479 987 ,
493 949 551 979 nisi
565 949 740 990 periculum
755 949 884 980 feceris?

563 1019 752 1039 cuntur&

149 1070 188 1097 At
202 1067 283 1097 istuc
296 1067 473 1109 periculum
485 1068 519 1098 in
533 1067 598 1098 filia
611 1068 678 1098 fieri
686 1092 694 1106 ,
709 1079 804 1111 grave
817 1076 871 1100 est.

604 1207 618 1226 s
627 1208 637 1227 1
646 1207 706 1227 Mo.

149 1257 265 1296 Nempe
278 1255 520 1288 incommoditas
534 1257 673 1299 denique
685 1257 748 1288 huc
761 1258 864 1288 omnis
877 1258 974 1295 redit,

146 1316 177 1345 Si
191 1317 331 1352 eveniat,
347 1316 433 1358 quod
447 1316 479 1346 di
494 1316 703 1358 prohibeant,
717 1317 872 1348 discessio.

147 1380 188 1407 At
200 1377 225 1407 si
239 1378 419 1419 corrigitur,
434 1385 511 1420 quot
525 1378 876 1409 commoditatesivide.

146 1438 304 1479 Principio
317 1439 417 1469 amico
430 1437 531 1469 filium
543 1439 735 1476 restitueris;

146 1499 218 1530 Tibi
231 1511 382 1541 generum
394 1499 521 1530 firmum
530 1526 538 1539 ‚
551 1507 582 1531 et
596 1500 668 1532 filiae
682 1501 822 1532 invenies
835 1501 948 1531 virum.

554 1638 743 1659 CHREMES.

146 1689 230 1728 Quid
244 1689 333 1720 istic?
346 1689 375 1719 Si
391 1689 434 1719 ita
449 1689 528 1720 istuc
543 1690 684 1720 animum
698 1689 824 1720 induxti
837 1700 901 1720 esse
915 1689 1008 1724 utile,
