1294 2149
167 131 179 146 ἰ
187 131 201 148 2
535 123 557 149 E
568 122 591 149 U
600 122 625 149 N
634 122 660 149 U
667 123 691 151 C
700 123 726 150 H
734 123 760 150 U
769 123 796 150 S.

601 202 619 221 T
627 201 647 220 H
656 193 693 222 Αϊ
702 202 726 221 s.

162 250 262 279 Samia
276 249 353 280 mihi
366 257 466 280 mater
479 250 556 287 fuit;
570 261 607 280 ea
619 250 786 281 habitabat
799 251 909 282 Rhodi.

570 321 588 341 P
597 321 616 340 A
625 322 643 341 n
651 322 675 341 M
683 322 701 341 E
708 322 728 341 N
738 323 766 342 0.

161 372 266 401 Potest
280 370 374 401 taceri
389 370 458 400 hoc.

601 443 619 461 τ
627 441 648 461 n
655 433 693 462 AI
701 443 725 462 s.

470 491 517 521 lbi
529 491 598 521 tiun
609 492 706 521 matri
717 492 883 532 parvulam

159 549 299 581 Puellam
312 550 396 581 dono
409 550 541 593 quidam
552 558 710 582 mercator
722 551 824 589 dedit,

160 615 202 642 Ex
215 612 317 642 Attica
330 611 406 642 hinc
418 612 594 654 abreptam.

570 685 587 704 P
594 684 615 704 Η
624 685 641 704 E
651 685 670 704 n
679 685 696 704 n
706 685 716 705 1
724 686 754 704 A.

599 735 747 766 Civemne
754 738 767 765 ἶ)

599 806 617 825 τ
625 805 645 825 n
654 807 671 826 A
679 798 692 825 ‘1‘
700 807 723 826 s.

773 855 933 892 Arbitrum

159 920 287 946 Certum
300 926 367 946 non
379 916 503 946 scimus.
517 916 629 946 Matris
643 926 760 945 nomen
773 922 805 946 et
818 917 916 957 patris

158 976 286 1007 Dicebat
298 977 381 1018 ipsa,
395 977 532 1017 patriam
545 982 575 1006 et
588 977 676 1018 sigua
689 981 801 1007 caetera

158 1039 265 1079 Neque
277 1037 409 1074 sciebat,
424 1048 525 1079 neque
539 1048 595 1078 per
607 1043 732 1067 aetatem
744 1038 840 1067 etiam
852 1043 1008 1078 potuerat,

157 1099 315 1127 Mercator
328 1096 388 1127 hoc
401 1096 555 1134 addebat;
571 1098 586 1127 ὲ
600 1096 816 1138 praedonibus,

158 1159 248 1189 Unde}
262 1164 381 1189 emerat
390 1183 397 1196 ,
410 1170 441 1189 se
454 1158 593 1195 audisse,
607 1157 772 1199 abreptam
785 1159 802 1187 ὲ
815 1159 921 1188 Sunio.

157 1222 260 1250 Mater
271 1219 328 1249 ubi
340 1220 473 1260 accepit,
488 1219 582 1260 coepit
594 1218 732 1249 studiosiz
746 1219 852 1249 omnia

157 1282 289 1317 Docere,
303 1279 436 1309 educare
445 1303 453 1317 ,
466 1279 510 1308 ita
524 1279 572 1308 uti
585 1278 610 1308 si
622 1284 702 1308 esset
714 1276 789 1308 filia.

156 1340 300 1368 Sororem
314 1337 457 1380 plerique
470 1348 534 1367 esse
547 1336 719 1367 credebaut
731 1347 850 1367 meam:

158 1402 220 1440 Ego
233 1409 306 1430 cum
319 1398 391 1437 illo,
404 1409 541 1441 quocum
554 1398 622 1429 tim]
635 1410 700 1430 uno
713 1409 781 1430 rem
792 1398 929 1429 habeam
942 1399 1079 1440 hospite,

158 1460 224 1490 Abii
239 1459 316 1497 huc,
330 1461 386 1502 qui
402 1460 480 1490 mihi
494 1459 625 1502 reliquit
637 1459 719 1497 haec,
734 1470 804 1502 quae
816 1459 934 1498 habeo,
948 1460 1063 1490 omnia.

564 1737 758 1756 PARMENO.

159 1790 333 1829 Utrumque
348 1786 405 1816 hoc
421 1787 535 1817 falsum
549 1793 593 1816 est
606 1798 611 1814 :
626 1785 745 1815 effluet.
