1294 2149
217 85 255 122 24
589 85 646 112 EU
655 84 781 113 NUCH
790 85 816 112 U
825 85 853 111 s.

656 167 675 186 T
684 166 704 185 H
713 157 751 185 Αἵ
760 165 783 185 s.

810 217 872 256 Qui
890 217 991 246 istuc?

627 287 644 307 P
654 288 671 307 A
680 287 699 307 Γ.
709 287 733 307 Μ
741 288 759 307 E
767 288 788 307 N
796 288 825 308 o.

988 338 1069 376 Quia

219 401 327 440 Neque
341 403 376 428 tu
390 408 454 427 uno
468 407 536 426 eras
550 401 716 433 contenta,
730 407 833 438 neque
846 395 929 426 solus
943 396 1030 426 dedit
1038 408 1046 432 3

219 461 297 489 Nam
311 458 362 488 hic
375 468 502 499 quoque
515 457 631 487 bonam
642 481 650 493 ‚
661 467 874 498 magnamque
887 463 1011 497 partem
1023 455 1062 486 ad
1076 462 1105 486 te
1115 455 1233 486 attulit.

659 588 678 607 ‘r
686 587 707 606 Β
716 588 735 607 A
741 579 754 606 ἰ’
762 588 785 607 s.

220 639 267 669 Ιῖὲι
280 643 336 668 est.
352 637 411 667 Sed
424 637 490 667 sine
503 647 552 667 me
565 637 731 677 pervenire
744 638 808 678 qui)
820 636 903 667 volo.

221 698 344 728 Interea}
356 696 444 727 miles
454 722 461 735 ‚
475 698 530 738 qui
543 707 592 726 me
606 707 712 726 amare
725 702 905 737 occeperat,

220 761 257 788 Iu
270 758 395 788 Cariam
408 763 454 787 est
467 756 637 797 profectus.
653 759 696 786 Te
709 756 831 786 intere&
847 755 907 785 loci

221 817 372 859 Cognovi.
388 817 468 846 Tut'e
482 817 539 846 scis
552 822 622 856 post
635 815 691 846 issa
703 819 801 858 quam
813 816 962 845 intimum

222 879 362 909 Habeam
375 884 405 908 te
414 903 422 916 ‚
435 884 466 908 et
478 888 548 908 mea
561 877 692 908 consilia
704 884 740 907 ut
753 877 813 907 tibi
824 876 952 907 credam
968 876 1084 906 omnia.

635 1009 825 1029 PHEDRIA.

224 1064 269 1092 Ne
282 1061 342 1092 hoc
355 1061 484 1103 quidem
497 1059 614 1091 tacebit
626 1062 791 1090 Parmeno.

635 1196 653 1216 P
661 1196 680 1216 A
690 1196 709 1216 R
716 1196 740 1216 M
750 1196 768 1215 E
775 1196 796 1216 N
804 1196 833 1216 o.

795 1244 862 1283 Oh,
877 1243 1052 1275 dubiumne
1067 1243 1099 1274 id
1112 1245 1178 1274 est?

669 1319 688 1337 τ
695 1317 715 1337 n
725 1308 762 1337 A'i
771 1317 794 1337 s.

228 1373 292 1401 Hoc
303 1369 386 1411 agite
396 1393 404 1407 ,
416 1368 540 1399 amabo.
556 1370 660 1399 Mater
670 1378 740 1397 mea
752 1367 818 1397 illic
830 1372 957 1397 mortua
970 1371 1016 1396 est

227 1433 344 1471 Nuper.
361 1429 434 1470 Ejus
447 1429 547 1459 frater
559 1428 763 1471 aliquanthm
775 1427 817 1457 ad
829 1438 897 1457 rem
910 1432 957 1457 est
969 1426 1101 1457 avidior.

227 1494 256 1522 Is
269 1491 324 1521 uhi
337 1491 420 1522 hanc
434 1491 537 1521 form&
549 1490 636 1520 videt
648 1489 783 1521 honesta
796 1489 952 1530 virginem
961 1513 968 1526 ‚

229 1555 268 1582 Et
280 1551 394 1583 fidibus
407 1553 485 1583 scire
495 1578 501 1590 ‚
516 1553 654 1594 pretium
666 1561 795 1592 sperans
803 1575 812 1588 ‚
824 1550 909 1580 illice,

230 1612 394 1651 Producit,
407 1613 526 1643 vendit.
542 1613 636 1642 Forte}
650 1611 779 1641 fortunii
793 1610 896 1641 adfuit

230 1672 287 1702 Hic
300 1683 389 1702 meus
402 1673 535 1703 amicus:
550 1673 626 1703 emit
639 1682 709 1702 eam
722 1671 807 1701 dono
820 1669 898 1700 mihi
907 1694 915 1707 ‚

231 1731 418 1773 Imprudens
432 1732 546 1762 harum
559 1743 665 1762 rernm
677 1757 682 1767 ,
696 1732 889 1773 ignarusque
902 1729 1054 1759 omnium.
