1294 2149
210 75 269 116 178
520 67 525 70 “
576 77 839 105 EUNUCHUS.

206 146 253 175 Sic
266 145 344 176 mihi
359 145 433 176 data
446 157 509 176 esse
522 146 628 176 verba.
643 145 728 185 Quid
742 144 817 177 illuc
831 145 968 190 hqminis
981 147 1046 175 est?

618 280 799 302 PYTHIAS.

207 332 287 359 Hera
300 340 367 360 mea
376 354 384 366 ‚
399 336 467 359 tace
476 353 483 365 ,
498 329 626 359 obsecro
635 352 643 365 ‚
657 328 750 359 salvae
762 340 884 359 sumus:
899 329 1058 359 hominem

207 390 361 421 Habemus
374 390 485 432 ipsum,

644 460 663 479 Τ
671 460 692 479 Η
702 452 739 480 Αϊ
747 460 771 479 s.

492 508 554 539 Ubi
567 508 592 538 is
605 510 670 538 est?

619 580 637 599 p
645 578 664 598 Y
671 579 690 598 'r
699 578 720 598 Η
730 579 740 598 1
750 579 769 598 Λ
777 580 801 598 s.

668 632 744 659 Hem
754 652 762 665 ‚
777 629 817 659 ad
830 628 988 660 sinistram
997 653 1005 667 ‚
1018 641 1084 664 uon
1097 630 1202 661 vides?

208 695 261 722 En.

647 772 666 791 T
676 772 695 791 Η
706 763 773 792 A'is.

274 822 382 853 Video.

620 893 637 912 p
646 892 663 911 Y
670 893 689 911 T
699 892 718 911 Η
729 893 739 912 ι
749 893 767 912 A
777 893 800 912 s.

384 940 615 983 Comprehendi
623 941 701 982 jube
710 964 718 977 ,
732 941 889 982 quantiuu
902 948 1013 982 potest.

647 1011 666 1030 τ
675 1011 695 1030 Η
705 1002 742 1030 A'i
750 1010 774 1029 s.

209 1062 294 1102 Quid
308 1062 363 1093 illo
377 1061 488 1098 facias,
503 1061 619 1092 stulta?

623 1133 640 1153 P
648 1131 667 1152 Y
675 1133 693 1151 T
704 1132 724 1152 Η
734 1133 744 1152 1
754 1133 773 1152 A
781 1132 805 1151 s.

621 1183 704 1223 Quid
718 1182 846 1219 faciam,
860 1184 970 1223 rogas?

212 1242 290 1273 vide
299 1266 307 1279 ‚
321 1243 432 1273 amabo
443 1267 450 1279 ,
465 1243 490 1272 si
504 1253 568 1273 non
578 1266 586 1278 ‚
600 1243 671 1272 cim]
685 1241 832 1283 aspicias,
847 1253 880 1271 os
893 1241 1058 1282 impudens

211 1304 364 1334 Videtur?
376 1307 445 1334 *Non
459 1305 523 1334 est?
536 1307 632 1341 Tum,
646 1314 716 1346 qum
729 1303 795 1344 ejus
807 1301 999 1335 confidentia
1012 1303 1077 1332 est?
