1294 2149
140 178 178 203 -S
555 175 740 204 ANDRIA.

582 256 601 276 D
610 256 651 275 Av
660 256 679 275 n
689 255 712 274 s.

374 307 437 335 Cur
450 307 534 335 uon?

519 378 538 397 P
547 378 566 398 A
575 377 599 396 M
607 378 624 397 P
633 377 653 396 Η
662 377 673 396 1
683 377 700 396 L
707 377 728 397 υ
737 377 760 396 s.

554 429 728 469 'Nunquam
740 427 863 457 faciam.

578 497 599 516 D
608 497 678 517 Avn
687 498 711 516 s.

867 549 911 577 Ne
924 558 1013 588 nega.

521 617 539 636 P
549 617 568 636 A
576 617 599 636 M
609 617 626 636 Ρ
635 616 656 636 n
666 617 676 636 1
684 617 702 636 L
709 617 730 636 n
739 617 762 636 s.

135 666 270 697 Suadere
285 665 361 696 noli.

574 746 707 766 DAvus.

370 800 414 827 Ex
427 796 464 827 ea
477 807 511 827 re
525 796 604 839 quid
617 796 689 835 fiat,
702 797 784 827 vide.

516 869 759 889 pAnpiusz.

132 918 175 946 Ut
189 915 230 946 ab
243 915 299 946 illa
314 916 473 955 excludar,
487 915 549 947 huc
563 916 745 948 concludar.

571 1055 591 1073 ι)
602 1054 641 1073 Av
650 1054 670 1073 n
679 1054 703 1073 s.

747 1104 817 1131 Nou
830 1101 875 1131 itii
888 1109 944 1132 est.

130 1162 246 1202 Nempe
259 1161 320 1192 hoc
334 1163 377 1192 sic
391 1173 454 1192 esse
468 1162 582 1202 opinor
595 1162 755 1192 dicturum
767 1168 891 1203 patrem
903 1173 909 1191 ε

128 1224 230 1251 Ducas
243 1221 316 1252 volo
329 1221 423 1251 hodie
436 1233 577 1252 uxorem.
593 1224 657 1259 Tu,
671 1222 784 1252 ducam
794 1246 801 1258 ‚
817 1222 951 1264 inquies.

129 1282 213 1312 Cedo
222 1307 230 1320 ,
245 1281 475 1324 quidjurgabit
489 1283 613 1312 tecum?
626 1283 683 1311 Hic
696 1281 808 1312 reddes
821 1281 927 1311 omnia
937 1304 945 1317 ,

128 1344 204 1382 Quae
218 1354 303 1372 nuuc
316 1348 390 1372 suut
403 1349 490 1373 certa
503 1342 532 1372 ei
546 1341 693 1378 consilia,
707 1343 829 1372 ineerta
841 1348 878 1372 ut
890 1342 989 1379 sient,

126 1403 197 1433 Sine
211 1404 300 1433 omni
313 1403 464 1444 periculo.
478 1405 558 1433 Nam
571 1403 666 1433 hocce
679 1401 767 1434 haud
780 1402 915 1433 dubium
927 1408 989 1439 est,
1004 1402 1082 1444 quin

171 1462 321 1494 Chremes

125 1522 198 1553 Tibi
211 1534 277 1553 nou
291 1523 344 1554 det
356 1529 503 1565 gnata1n;
518 1535 575 1554 nec
590 1530 625 1554 tu
638 1524 675 1554 eti
688 1523 782 1553 causa}
794 1523 947 1553 minueris

125 1585 196 1613 Haec
209 1594 278 1626 quae
292 1583 367 1613 facis
377 1608 384 1620 ‚
398 1595 439 1614 ne
452 1584 477 1614 is
490 1594 578 1614 suam
591 1590 694 1614 mutet
707 1583 907 1614 sententiam.

125 1643 212 1673 Patri
225 1643 275 1674 dic
288 1643 385 1680 x·elle;
401 1650 453 1681 ut,
467 1645 539 1675 etun
552 1644 629 1674 velit
638 1669 645 1682 ‚
656 1644 716 1674 tibi
726 1644 798 1685 jure
812 1644 920 1682 irasci,
932 1654 997 1674 non
1008 1650 1120 1686 queat,

124 1706 204 1734 Nam
218 1704 305 1746 quod
320 1711 354 1735 tu
368 1717 490 1746 speras,
510 1705 702 1747 propulsabo
717 1705 809 1736 facilit
824 1717 830 1735 :
844 1716 975 1737 uxorem
987 1705 1036 1736 his
1048 1716 1115 1735 iuo—

170 1764 257 1795 ribus
