1294 2149
160 96 220 135 198
527 96 793 125 EUNUCHUS.

156 168 182 196 Ο
195 164 360 196 scelestum
373 167 600 196 Parmenonem
609 188 617 201 ‚
632 164 690 207 qui
702 165 796 195 istum
811 163 874 195 huc
886 165 1034 195 adduxit!

564 297 581 317 P
590 297 610 317 A
617 296 637 317 R
645 295 669 316 M
678 296 724 317 EN
732 297 762 317 ο.

1009 345 1092 385 Quid
1104 348 1170 376 est?

570 417 587 436 P
596 415 614 436 Y
623 417 642 436 T
651 416 670 435 H
680 417 691 436 1
701 416 721 436 A
729 416 752 435 s.

154 466 281 497 Miseret
293 477 353 496 me.
366 468 478 508 ltaque
487 489 495 502 ,
507 471 543 495 ut
553 476 592 495 ne
603 465 743 495 viderem
751 488 760 502 ,
771 465 884 495 misera
893 463 956 495 huc
965 464 1063 507 effugi
1073 464 1167 495 foras.

154 528 230 567 Quae
243 526 353 557 futm·a
366 525 509 567 exempla
522 526 634 556 dicunt
647 526 681 556 iu
693 536 765 556 eum
777 525 925 567 indigua!

560 657 579 678 Ρ
587 657 607 677 A
615 657 635 677 R
642 656 666 677 Μ
673 657 692 677 Ε
699 657 720 677 N
728 657 758 677 0.

944 708 970 736 Ο
983 706 1122 747 Jupiter!

154 770 229 807 Quae
243 767 324 798 illaec
338 767 434 798 turba
447 769 514 798 est?
526 770 682 798 Numnam
695 778 752 810 ego
768 766 869 809 perii?
887 766 1000 798 Adibo.
1021 767 1111 810 Quid¹
1122 766 1164 797 is-

196 834 250 858 tuc
259 852 268 865 ,
281 827 429 870 Pythias!

153 889 238 929 Quid
250 890 315 920 ais?
326 892 364 920 In
377 901 473 932 quem
485 889 627 931 exempla
640 889 737 921 fient?

566 974 583 994 P
592 973 610 993 Y
619 974 637 993 T
646 974 667 993 H
677 974 687 994 1
697 974 716 994 A
726 974 749 994 s.

724 1025 851 1067 Rogitas
859 1049 866 1061 ‚
881 1025 1104 1056 audacissime?

151 1085 320 1116 Perdidisti
333 1087 442 1123 istum,
458 1097 552 1128 quem
566 1085 698 1117 adduxti
711 1097 768 1127 pro
783 1085 945 1122 eunucho,
960 1084 1137 1116 adolescen-

197 1147 318 1185 tulum,

151 1210 233 1238 Dum
246 1207 353 1239 studes
365 1207 441 1239 dare
454 1208 549 1238 verba
563 1207 664 1238 nobis.

559 1277 576 1297 Ρ
586 1277 605 1297 Α
614 1277 633 1297 n
641 1277 664 1297 M
673 1278 691 1297 Ε
699 1278 719 1297 N
729 1278 758 1298 ο.

514 1326 599 1366 Quid
613 1327 676 1357 im?
688 1330 751 1357 Aut
764 1325 844 1368 quid
856 1325 975 1356 factum
987 1325 1053 1355 est?
1065 1322 1160 1354 Cedo.

564 1408 582 1428 P
589 1407 609 1427 Y
617 1408 636 1427 Τ
645 1408 665 1427 11
676 1408 685 1428 1
696 1409 715 1428 A
723 1408 748 1428 s.

150 1459 267 1488 Dicam.
283 1459 444 1501 Virginem
457 1458 564 1494 istam,
579 1457 694 1488 Thaidi
708 1457 802 1488 hodie
815 1468 884 1500 quae
898 1457 981 1487 dono
995 1455 1070 1486 data
1083 1460 1128 1485 est
1137 1478 1145 1491 ,

149 1519 227 1550 Scin’
241 1531 310 1551 eam
326 1520 410 1566 hinc⁴
421 1521 520 1552 civem
538 1522 622 1552 esse?
640 1523 679 1551 Et
697 1520 763 1562 ejus
782 1520 912 1552 fratrem
932 1518 1074 1561 adprimk
1094 1528 1148 1548 110—

191 1579 305 1612 bilem?

555 1717 573 1738 ν
581 1719 599 1738 Α
609 1719 628 1739 R
636 1718 659 1739 ,u
669 1719 685 1739 ε
694 1719 713 1738 x
722 1718 750 1739 ο.

148 1766 264 1795 Nescio.
