1294 2149
199 95 252 124 132
602 94 786 123 ANDRIA.

575 176 593 195 p
602 177 621 195 A
629 174 654 195 Μ
661 175 678 195 p
687 175 708 194 H
717 175 727 194 1
736 176 753 195 L
762 175 781 194 U
789 175 812 194 s.

828 226 931 265 Atque
944 223 1005 253 hoc
1018 220 1181 260 confiteor,

189 288 205 316 J
209 297 263 316 ure
275 285 357 316 mihi
370 284 518 327 obtigisse
526 296 534 320 3
550 283 812 327 quandoquidem
825 289 890 313 tam
904 284 1005 319 iners,
1020 289 1085 313 tam
1099 282 1181 313 nulli

233 344 356 376 consilii

191 407 275 434 Sum.
290 401 415 434 Servou'
430 403 573 433 fortunas
587 412 672 432 meas
684 412 735 431 me
749 401 952 431 commississe
966 401 1071 431 futili?

190 467 270 506 Ergo
284 464 422 506 pretium
435 464 475 494 ob
489 464 659 494 stultitiam
672 463 756 493 fero:
778 462 832 492 sed
848 462 987 493 inultum
1005 464 1171 504 nunquam

234 524 268 554 id.
279 524 428 554 auferret.

630 593 650 612 D
659 593 702 613 Av
709 593 730 613 υ
738 593 761 613 s.

191 642 324 674 Posthac
343 642 534 673 ineolumem
547 648 596 673 sat
609 642 673 674 scio
686 642 754 673 fore
767 653 833 681 me,
852 654 940 674 nunc
952 643 978 674 si
989 642 1051 674 hoc
1064 643 1171 674 devito

233 702 364 735 malum.

576 775 594 795 ι)
602 775 622 795 A
629 775 654 795 M
662 775 679 795 Ρ
688 774 709 794 Η
719 775 729 795 1
738 776 756 795 L
764 774 785 794 n
794 775 817 794 s.

192 825 271 855 Nam
293 825 374 868 quid
392 836 449 867 ego
470 836 556 856 nunc
575 825 677 856 dicam
697 826 800 866 patri?
820 823 977 867 Ncgabou'
995 824 1077 855 velle
1094 835 1162 862 me,

236 885 328 915 modo

193 945 256 985 Qui
274 956 343 975 sum
361 944 523 986 pollicitus
543 945 676 975 ducere?
698 946 768 985 Qua
790 944 905 976 fiducia
927 945 960 975 id
982 945 1085 976 facere
1103 955 1161 976 au-

237 1005 326 1036 deam
337 1008 350 1036 't‘

194 1070 255 1097 Nec
269 1067 348 1110 quid
362 1079 410 1098 me
424 1079 509 1098 nunc
524 1068 638 1098 faciam
652 1068 725 1098 Scio.

632 1140 653 1159 D
662 1140 703 1159 μ’
712 1139 731 1159 U
741 1140 766 1159 s.

514 1191 575 1219 Nec
588 1188 718 1231 quidem
731 1199 796 1224 u1e3
812 1193 909 1230 atque
923 1188 955 1218 id
969 1198 1027 1230 ago
1041 1186 1159 1217 sedulo.

195 1249 303 1280 Dicam
316 1249 438 1292 aliquid
447 1249 513 1290 jam
527 1249 751 1285 inventurum,
771 1256 807 1280 ut
826 1249 901 1279 huic
918 1248 1002 1280 malo
1022 1248 1162 1291 aliquam

240 1310 412 1350 producam
426 1321 556 1340 moram.

581 1382 598 1400 p
608 1383 626 1401 A
636 1381 660 1400 n
668 1382 685 1401 P
694 1381 714 1401 n
724 1382 734 1401 1
744 1383 759 1401 L
768 1381 787 1401 u
797 1381 819 1399 s.

569 1431 637 1463 Ohe
652 1433 658 1460 ἱ

639 1502 659 1520 Π
670 1502 709 1521 AV
719 1501 738 1520 Γ
748 1503 771 1521 S.

197 1553 286 1581 Visus
299 1562 377 1581 sum.

583 1623 600 1642 P
610 1624 628 1642 A
638 1615 661 1642 M
670 1623 686 1642 P
695 1622 715 1641 H
724 1622 733 1641 1
743 1623 760 1642 L
769 1622 788 1641 U
798 1622 822 1641 s.

277 1671 419 1702 Ehodum
430 1698 438 1709 ‚
453 1672 533 1703 bone
547 1673 606 1706 vir,
620 1672 697 1714 quid
711 1672 776 1703 ais?
788 1670 898 1702 Viden’
912 1682 961 1702 me
975 1670 1112 1702 consiliis
1127 1670 1188 1700 tuis
