1294 2149
171 55 210 91 ⁵4
539 54 561 81 E
570 55 595 82 U
603 53 628 80 N
637 53 663 80 U
672 53 695 80 c
703 53 729 80 H
740 53 765 80 υ
773 52 801 79 s.

574 132 592 152 P
600 132 619 151 A
627 131 647 151 R
654 130 679 150 M
687 132 705 151 Ε
712 131 732 150 N
741 132 770 151 o.

168 183 279 212 Facete
293 182 427 212 dicttun!
442 181 524 212 mira
535 181 610 211 verb
619 206 626 218 ,
639 179 733 210 militi
746 190 815 222 quae
828 178 984 220 placeant.

167 244 225 274 Sed
238 243 329 274 video
343 243 475 273 herilem
488 241 589 273 filium
600 242 755 272 minorem
768 241 831 271 huc
844 241 1002 271 advem're.

167 305 267 334 Miror
279 303 358 345 quid
371 314 408 333 ex
421 303 518 333 Piraeo
530 302 661 338 abierit;
676 313 751 331 nam
763 302 807 331 ibi
820 308 923 332 custos
936 300 1062 342 publice
1076 307 1123 331 est

211 375 306 394 nuuc.

167 425 236 453 Nun
251 423 366 453 temere
380 428 442 452 est:
457 428 489 452 et
501 432 674 463 properans
687 421 790 452 venit:
805 422 908 453 nescio
922 421 1000 463 quid
1011 421 1141 452 circum-

210 490 339 526 spectat.

491 624 724 692 scszA
760 644 836 695 IV

446 760 645 796 CHEREA,
669 760 898 789 PARMENO.

585 902 750 923 CBEREA.

167 953 290 984 Occidi!

166 1015 273 1055 Neque
287 1013 374 1055 virgo
384 1019 430 1043 est
443 1014 594 1056 usquilm,
608 1024 711 1056 neque
723 1024 780 1055 ego
789 1038 797 1051 ,
811 1013 866 1055 qui
878 1012 965 1043 illam
978 1013 994 1043 ὲ
1007 1019 1176 1054 conspectu

210 1077 300 1106 amis¹
312 1086 392 1105 meo.

165 1137 227 1167 [hi
241 1139 401 1179 quaeram'?
412 1137 690 1179 L‘biinvestigem‘?
703 1139 804 1176 Quem
817 1138 1001 1177 perconter?
1014 1138 1116 1176 Quam
1129 1137 1175 1167 in-

209 1199 317 1229 sistam
329 1199 432 1228 viam?

165 1263 307 1291 Incertus
319 1271 405 1291 sum:
420 1270 485 1290 una
497 1259 563 1290 haec
575 1271 644 1301 spes
657 1266 719 1296 est3
731 1259 788 1290 ubi
798 1259 852 1290 ubi
862 1265 924 1298 est,
935 1258 990 1289 diu
1002 1258 1097 1289 celari
1111 1270 1174 1289 uou

210 1327 323 1361 potest.

166 1385 192 1412 O
201 1382 311 1411 faciem
319 1381 486 1422 pulchram
496 1383 502 1411 !
512 1381 601 1412 deleo
613 1392 720 1411 omnes
727 1380 841 1411 dehinc
852 1390 889 1411 ex
899 1380 1005 1411 animo
1016 1379 1177 1410 mulieres:

164 1442 270 1472 Taedet
282 1442 540 1484 quotidjanarum
553 1441 668 1472 harum
681 1441 865 1471 formarum.

577 1534 594 1553 P
603 1534 620 1553 A
631 1533 648 1552 n
657 1532 680 1552 M
689 1533 707 1552 E
714 1533 734 1552 N
743 1533 772 1553 o.

814 1586 890 1614 Ecce
904 1589 1010 1613 autem
1022 1581 1157 1613 alterum
1167 1607 1175 1614 .

164 1643 272 1673 Nescio
286 1643 362 1685 quid
377 1643 415 1673 (le
429 1654 536 1674 amore
550 1644 702 1686 loquitur.
719 1647 745 1675 O
760 1643 994 1674 infortunatum
1007 1645 1128 1674 senem!

165 1704 220 1734 llic
233 1705 307 1734 verb
321 1710 382 1742 est,
397 1705 451 1747 qui
464 1705 488 1735 si
503 1706 673 1745 occeperit,
688 1705 799 1736 ludum
809 1705 980 1748 jocumque
993 1705 1075 1735 dices
