1294 2149
171 119 227 154 ιω
580 121 764 149 ANDmA.

612 201 636 220 M
644 200 662 220 Υ
670 201 683 220 s
692 201 701 221 1
710 201 735 220 s.

785 249 941 292 Intelligo.

170 310 256 338 Nova
268 319 353 338 nunc
366 308 476 350 religio
488 309 523 338 in
535 314 566 338 te
578 310 662 339 istaec
674 309 818 340 incessit?
831 309 926 340 Cedo.

606 381 627 400 D
635 380 676 400 Av
685 380 706 400 U
714 380 740 400 s.

170 431 261 460 Move
274 430 359 460 ocius
372 436 402 460 te
411 454 419 467 ,
433 436 485 468 ut,
499 430 576 473 quid
589 440 695 471 agam,
710 431 805 471 porro
819 430 986 473 intelligas.

169 490 253 521 Proh
266 491 389 532 Jupiter
403 492 409 520 !

617 631 640 651 M
650 630 668 649 Y
677 631 707 651 ει
717 631 740 650 s.

386 678 471 718 Quid
484 681 550 710 est?

612 749 632 768 n
641 749 683 769 Av
690 749 712 769 U
719 749 743 769 s.

557 801 681 840 Sponsae
693 806 784 840 pater
797 799 980 830 intervenit.

172 857 313 900 Repudio
326 858 492 890 consilium
504 859 590 901 quod
603 859 742 901 primfim
754 859 965 891 intenderam.

618 930 642 950 M
651 930 669 951 Y
677 931 690 951 s
700 931 710 951 1
719 931 742 951 s.

175 979 283 1009 Nescio
296 979 375 1021 quid
389 990 508 1010 narres.

614 1061 634 1081 Β
644 1062 685 1081 AV
693 1062 713 1081 t]
721 1062 745 1081 s.

527 1114 591 1153 Ego
605 1123 732 1154 quoque
745 1111 819 1142 hinc
833 1112 873 1143 ab
886 1112 1016 1143 dextera

175 1172 290 1202 Venire
302 1182 352 1202 me
365 1171 571 1203 adsimulabo.
586 1175 633 1202 Tu
642 1199 649 1211 ,
663 1179 699 1203 ut
712 1173 888 1204 subservias

177 1232 337 1268 Orationi,
352 1237 523 1274 utcumque
536 1243 614 1273 opus
627 1232 682 1269 sit,
697 1232 800 1263 verbis
810 1256 817 1269 ,
832 1232 914 1263 vide.

621 1303 645 1323 M
654 1303 672 1322 Y
681 1303 694 1323 s
703 1304 713 1323 1
721 1303 744 1323 s.

176 1354 240 1394 Ego
249 1375 257 1388 ,
271 1351 349 1393 quid
361 1362 434 1393 agas
444 1376 452 1389 ,
467 1351 548 1382 nihil
561 1352 719 1394 intellig03
735 1352 805 1390 sed,
818 1353 845 1383 si
858 1352 938 1395 quid
950 1358 1012 1389 est,

177 1412 269 1452 Quod
282 1413 352 1442 mezi
365 1413 462 1454 opera
474 1424 552 1453 opus
565 1412 605 1442 sit
619 1412 708 1443 vohis
717 1438 724 1450 ,
738 1419 793 1443 aut
806 1418 842 1443 tu
855 1413 925 1454 plus
937 1413 1037 1449 vides,

178 1473 313 1504 Manebo
322 1497 330 1510 ‚
344 1484 384 1504 ue
398 1473 484 1516 quod
497 1480 636 1504 vestrum
650 1484 789 1504 remorer
801 1474 1009 1505 commodum.
