1294 2149
190 114 247 142 150
594 114 779 143 ANDRIA.

519 278 752 328 SCENA
788 280 855 327 II.

227 404 378 440 MYSIS,
402 405 691 439 PAMPHILUS,
715 405 966 442 CHARINUS,
990 406 1147 434 DAVUS.

629 555 652 574 M
662 554 751 574 YS1s.

181 607 267 642 Jam,
282 604 405 635 ubiubi
419 605 494 643 erit,
508 604 675 635 inventum
689 604 749 635 tibi
766 604 900 644 curabo,
919 612 950 636 et
968 616 1091 636 mecum
1110 605 1169 636 ad-

225 666 356 697 ductum

182 729 284 758 Tuum
297 726 498 768 Pamphilum
510 738 516 757 :
532 733 568 757 tu
580 726 673 758 modi)
682 750 689 763 ,
704 727 808 757 anime
820 728 880 765 mi,
897 726 963 757 noli
975 733 1005 757 te
1019 737 1188 758 macerare.

566 864 583 883 P
592 864 609 884 A
619 863 643 884 Μ
651 864 668 884 1>
676 863 696 883 n
704 863 714 883 1
723 865 740 884 1.
748 864 768 883 U
777 863 800 883 s.

180 915 285 957 Mysis.

625 986 697 1006 MYs
706 988 715 1007 1
725 987 748 1006 s.

268 1037 344 1076 Quis
358 1038 423 1067 est?
436 1039 530 1074 Hem,
544 1035 708 1077 Pamphile
717 1059 725 1072 ‚
740 1036 856 1077 optim&
869 1035 948 1066 mihi
961 1041 991 1066 te
1004 1035 1109 1066 offers.

565 1175 583 1194 P
593 1176 611 1194 A
620 1174 644 1194 M
652 1173 697 1195 pn
706 1174 716 1194 1
726 1174 770 1194 Lu
780 1174 803 1194 s.

1007 1224 1091 1264 Quid
1104 1226 1168 1255 est?

624 1297 674 1318 MY
683 1299 696 1317 s
708 1299 717 1318 1
727 1298 750 1317 s.

180 1352 278 1379 Orare
288 1348 396 1389 jussit,
410 1349 436 1379 si
448 1360 480 1379 se
495 1360 594 1387 ames,
608 1348 686 1379 hera
695 1372 702 1385 ‚
712 1348 779 1390 jam
792 1354 829 1379 ut
841 1348 883 1379 ad
896 1359 961 1379 sese
974 1350 1080 1379 venias
1094 1360 1100 1377 :

179 1408 292 1438 Videre
305 1408 351 1438 ait
365 1414 394 1439 te
408 1419 532 1449 cupere.

564 1550 581 1569 P
590 1551 610 1570 A
619 1548 643 1569 M
651 1550 668 1570 Ρ
676 1549 697 1570 11
706 1550 716 1569 1
725 1550 742 1569 L
750 1550 769 1570 υ
778 1550 802 1569 s.

530 1599 615 1639 Vah,
628 1600 723 1641 perii!
738 1600 798 1631 hoc
813 1600 931 1631 malum
950 1601 1143 1642 integrascit.

178 1657 296 1687 siccine
309 1668 358 1688 me
371 1664 468 1701 atque
482 1658 570 1690 illam
586 1660 681 1700 operti
703 1661 757 1690 tucn
777 1671 862 1691 nuuc
880 1659 1009 1691 miseros
1028 1659 1143 1690 sollici-

222 1725 252 1749 ta
258 1720 317 1749 tier
327 1721 332 1749 !
