1294 2149
174 141 214 169 36
577 140 761 169 ANDRIA.

626 220 690 240 sni
697 222 727 242 o.

172 269 204 299 Si
215 279 341 300 sensero
354 268 448 299 hodie
462 269 640 312 quidquam
651 270 686 299 in
699 269 748 300 his
762 276 792 300 te
805 270 926 311 nuptiis

174 328 320 359 Fallacia!
333 328 458 367 conari,
473 340 535 371 quo
550 328 629 359 fiant
641 329 762 365 minum

172 391 235 418 Aut
247 387 328 418 velle
342 388 377 417 in
390 389 426 418 exi
439 399 473 418 re
487 388 626 427 ostendi,
640 390 737 430 quum
750 389 790 419 sis
804 388 952 425 callidus;

172 448 362 479 Verberibus
375 459 486 479 caesum
502 455 547 485 te,
561 451 646 479 Dave
655 474 662 487 ‚
682 450 716 479 in
729 449 897 490 pistrinum
910 449 1022 480 dedam
1035 460 1135 492 usque

214 508 256 539 ad
269 520 377 539 necem
386 532 394 545 ‚

172 569 215 599 Εέι
228 568 295 610 lege
308 574 404 610 atque
418 570 538 607 omine,
552 575 603 605 ut,
618 568 643 598 si
658 574 687 599 te
701 569 775 599 inde
789 569 970 609 exemerim,
984 580 1040 612 ego
1054 581 1112 612 pro
1127 576 1156 601 te

213 630 340 660 molam.

175 689 277 729 Quid!
291 689 351 719 hoc
365 687 572 719 intellextin'?
590 699 632 719 an
651 689 795 720 nondum
813 690 906 720 etiam
926 701 965 720 ne
984 689 1044 721 hoc
1062 691 1136 732 qui-

215 750 321 781 dem...
333 752 347 780 ἶ)

611 827 632 846 1>
640 827 682 847 Av
689 828 709 847 u
718 827 742 846 s.

357 878 422 907 Imb
435 875 548 907 callide
561 887 569 906 ι

171 939 218 968 Ιώ
236 939 344 979 aperte
362 937 463 979 ipsam
481 948 548 968 rem
569 936 663 968 modb
682 937 821 974 locutus,
844 936 926 968 nihil
947 937 1133 968 circuitione

213 1009 288 1029 usus
301 1010 343 1029 es.

623 1068 636 1088 s
645 1069 656 1089 1
665 1068 688 1088 M
696 1068 724 1088 0.

171 1119 282 1150 Ubivis
296 1117 417 1149 facilius
430 1129 537 1160 passus
549 1119 624 1157 sim,
637 1120 734 1161 quiim
746 1119 781 1149 in
792 1117 851 1150 hac
864 1129 898 1149 re
907 1143 915 1156 ,
928 1129 976 1149 me
989 1118 1143 1149 deludier.

607 1256 627 1276 n
636 1256 676 1276 Av
686 1256 706 1275 u
715 1256 739 1275 s.

172 1308 258 1336 Bona
270 1305 381 1342 verba,
395 1315 510 1347 quaeso.

623 1374 725 1395 snio.

510 1425 640 1461 Irrides;
655 1424 736 1455 nihil
749 1435 798 1455 me
814 1423 906 1455 fallis.
921 1424 980 1455 Sed
993 1423 1064 1455 dico
1078 1424 1154 1462 tibi,

170 1487 214 1517 Ne
227 1485 345 1516 temere
358 1484 468 1520 facias;
487 1496 590 1528 neque
610 1492 646 1516 tu
664 1485 725 1516 hoc
743 1484 844 1523 dicas,
862 1484 921 1515 tibi
939 1495 1005 1515 non
1024 1483 1152 1525 praedic-

214 1552 290 1575 tuni.
306 1547 397 1574 Cave.
