1294 2149
181 124 238 153 116
548 123 811 152 EUNUCHUS.

175 196 275 223 Deum
287 204 352 224 sese
365 194 398 223 in
412 193 572 224 hominem
585 194 774 224 convertisse
783 219 791 231 ,
804 200 901 235 atque
914 194 947 223 iu
959 193 1077 224 alienas
1095 200 1140 223 tv-

218 253 308 295 gulas

173 316 300 345 ‘Venisse
313 314 494 345 clanculum
508 326 564 355 per
576 314 782 355 impluvium,
795 314 904 345 fucum
917 315 1037 345 factum
1048 314 1184 345 mulieri.

174 379 213 406 At
226 387 321 418 quem
335 376 448 406 deum?
461 376 516 417 qui
530 375 647 416 templa
660 375 730 406 coeli
742 386 865 406 summa
876 377 983 406 sonitu
996 377 1147 406 concutit.

175 438 238 476 Ego
253 435 421 465 homuncio
436 434 496 465 hoc
509 445 574 465 non
587 434 740 465 facerem?
754 438 817 477 Ego
829 435 909 466 illud
921 437 996 466 vero
1009 436 1054 466 itii
1066 435 1179 466 faciam

219 507 255 525 ac
270 495 392 525 lubens.

175 557 257 585 Dum
271 555 335 585 brec
345 565 468 585 mecum
478 562 590 596 reputo
599 580 607 593 ,
618 556 788 586 accersitur
797 555 939 586 lavatum
947 557 1069 588 iutereii
1078 558 1166 599 virgo
1178 568 1184 586 :

174 616 202 644 It
211 640 217 652 ‚
233 615 309 644 lavit
318 639 325 651 ,
338 613 429 644 redit.
444 615 564 646 Deindk
577 626 647 645 eam
658 615 692 645 in
705 615 823 646 lectum
834 615 895 646 illae
908 615 1074 647 collocant.

175 678 228 705 Sto
242 682 424 716 expectans,
437 676 463 706 si
477 675 555 718 quid
567 676 646 707 mihi
658 677 824 717 imperent.
839 677 934 707 Venit
945 687 1010 707 uua
1020 687 1027 706 :
1039 680 1122 708 Heus
1134 682 1168 707 tu
1178 702 1186 714 ,

220 735 340 776 inquit,
354 737 452 772 Dore,

178 798 260 835 Cape
274 794 333 824 hoc
348 793 526 832 flabelliun,
539 794 706 826 ventulum
719 795 793 826 huic
806 796 849 826 sic
863 795 957 826 facito
967 821 974 833 ‚
988 795 1064 826 dum
1079 795 1127 826 la-

221 867 347 886 vannus:

177 917 240 946 Ubi
253 927 309 946 uos
323 916 507 955 laverimus,
521 918 545 947 si
559 916 659 955 voles,
674 918 790 947 lavato.
806 919 930 959 Accipio
945 919 1050 949 tristis.

591 998 610 1016 A
618 998 638 1017 N
647 997 665 1016 T
674 998 683 1017 1
693 997 710 1017 Ρ
720 997 739 1016 H
749 997 777 1016 ο.

177 1048 258 1078 Tum
271 1047 419 1090 equidem
431 1048 512 1078 istuc
525 1058 558 1078 os
571 1054 663 1078 tuum
676 1047 842 1088 impudens
854 1047 960 1078 videre
974 1048 1106 1078 nimium

224 1108 335 1138 vellem
344 1134 352 1146 ‚

178 1170 240 1209 Qui
253 1175 332 1200 esset
344 1175 461 1206 status,
476 1167 639 1199 flabellum
651 1174 758 1199 tenere
772 1175 802 1199 te
815 1169 940 1199 asinum
954 1175 1088 1199 tautum.

605 1240 623 1259 c
633 1239 652 1258 H
663 1240 680 1259 E
689 1240 708 1259 R
717 1240 734 1259 E
741 1240 772 1259 A.

178 1290 236 1320 Vix
249 1289 374 1320 elocuta
387 1295 433 1320 est
446 1289 522 1328 hoc,
535 1289 618 1320 fortis
631 1289 723 1320 simul
737 1300 845 1320 omnes
858 1296 1017 1330 proruunt
1029 1300 1071 1320 se.

179 1351 305 1380 Abeunt
318 1350 475 1380 lavatum:
491 1356 711 1391 perstrepunt,
725 1350 768 1380 itii
783 1356 818 1380 ut
831 1348 881 1388 fit,
894 1349 1015 1380 domini
1027 1349 1082 1379 ubi
1094 1350 1147 1380 al)-

222 1417 307 1440 sunt.

178 1474 303 1502 lntereii
315 1482 442 1502 somnus
455 1471 610 1513 virginem
623 1472 789 1512 opprimit:
803 1482 860 1513 ego
874 1471 955 1501 limis
967 1478 1072 1512 specto

179 1531 226 1561 sic
240 1543 295 1572 per
310 1531 471 1562 flabellum
483 1531 680 1562 clanculum:
694 1532 787 1562 simul
800 1532 862 1562 alia
875 1532 1098 1573 circumspecto
1107 1557 1114 1569 ,

180 1591 274 1622 Satiu'
288 1593 449 1632 explorata
466 1594 537 1623 siut.
554 1593 652 1623 Yideo
666 1605 746 1623 esse:
763 1593 922 1633 pessulum
938 1594 1017 1624 ostio
1030 1593 1122 1625 obdu.
