1294 2149
199 111 253 146 ¹42
558 113 823 142 EUNUCHUS.

600 195 617 214 p
626 194 646 214 Η
657 195 674 214 ε
683 195 703 214 1>
712 195 729 214 R
739 195 748 214 1
760 196 788 215 A.

193 242 316 283 Jupiter
328 245 456 284 magne!
472 243 490 273 ὁ
504 243 669 274 scelestum
681 250 778 286 atque
791 244 942 275 audacem
956 244 1132 276 hominem!

605 315 622 334 P
630 313 649 333 Y
656 315 674 333 T
683 314 703 334 fl
714 315 724 334 1
735 315 752 334 A
763 314 786 334 s.

1041 369 1093 396 Vae
1106 366 1182 396 mihi
1194 368 1200 396 1

192 424 293 455 Etiam
306 435 390 456 nunc
404 436 469 456 non
483 424 584 456 credis
596 424 737 467 indignis
750 436 807 456 uos
820 436 884 457 esse
896 426 1004 457 irrisas
1016 427 1136 458 modis?

603 564 620 583 P
630 563 649 582 n
662 564 678 583 E
687 564 706 583 D
716 563 733 583 n
743 564 753 583 1
763 564 792 583 A.

192 613 307 643 Mirum
323 612 356 642 ni
369 613 478 643 credas
491 613 577 655 quod
591 613 649 643 iste
662 612 757 644 dicat.
774 613 859 653 Quid
872 624 963 656 agam
975 614 1089 644 nescio.

193 678 290 711 Heus,
308 681 343 704 tu
356 682 470 717 negato
485 676 621 705 rurshm.
636 678 806 705 Possumne
819 686 876 718 ego
891 674 986 706 hodi&
1000 686 1036 705 ex
1051 682 1080 706 te
1094 686 1158 706 exs-

236 735 364 776 culpere

192 797 328 827 Verum?
340 794 486 827 Vidistin'
501 796 632 827 fratrem
645 794 817 827 Cheream?

628 929 760 949 DORUS.

814 979 891 1007 Non.

601 1058 617 1076 P
627 1056 646 1076 11
659 1057 676 1076 E
685 1057 704 1076 o
713 1057 732 1076 R
741 1057 751 1076 ι
762 1058 791 1076 Α.

894 1108 961 1135 Non
976 1112 1078 1146 potest
1091 1105 1157 1134 sine

194 1167 277 1197 Malo
292 1167 400 1203 fateri,
412 1166 513 1197 video.
527 1169 662 1208 Sequere
672 1177 721 1196 me
732 1165 800 1196 hixc.
812 1166 907 1196 Modo
919 1165 979 1202 ait,
991 1165 1085 1196 modi>
1096 1171 1199 1205 negat

195 1233 258 1258 Ora
272 1239 330 1258 me.

632 1357 765 1377 DORUS.

326 1409 463 1440 Obsecro
478 1415 507 1439 te
522 1409 612 1445 verb,
628 1407 773 1438 Phedria.

604 1540 620 1559 P
630 1539 650 1558 n
662 1540 678 1559 E
688 1540 706 1558 D
716 1539 733 1558 n
743 1539 752 1558 1
762 1539 792 1558 A.

764 1591 777 1618 1
791 1588 876 1619 intri)
890 1599 974 1619 nunc
983 1587 1057 1628 jam

633 1660 765 1680 DORUS.

1047 1706 1105 1737 Hoi
1115 1731 1121 1741 ‚
1138 1705 1200 1736 hei.
