1294 2149
235 84 297 121 204
604 88 868 117 EUNUCHUS.

643 168 827 189 PYTnxAs

1089 223 1184 264 Sapis.

232 279 296 319 Ego
310 277 389 308 abeo
402 278 498 308 iutrb.
514 281 563 308 Tu
575 279 627 309 isti
639 289 736 310 narra
749 289 875 310 omnem
887 290 953 311 rem
967 279 1079 312 ordine
1088 305 1096 318 ‚
1110 288 1147 312 ut
1160 282 1227 314 fac-

275 344 343 369 tum
357 339 424 369 siet.

569 502 803 552 SCENA
839 504 899 555 V.

507 623 702 657 LACHES,
727 625 957 654 PARMENO.

655 773 672 791 L
681 773 699 791 A
708 772 725 791 c
735 772 755 791 Η
765 773 783 792 E
791 772 814 791 s.

230 823 274 850 Ex
287 831 356 851 meo
370 820 550 862 propinquo
564 830 638 850 rure
651 819 711 851 hoc
725 820 814 862 capio
827 820 998 857 commodi,

227 882 336 922 Neque
349 881 436 922 agri,
451 891 554 922 neque
567 880 655 911 urbis
669 880 777 911 odium
789 892 840 911 me
852 882 995 923 unquam
1008 881 1151 923 percipit.

227 939 290 970 Ubi
303 941 396 970 satias
410 939 505 981 coepit
517 938 584 970 fieri
593 963 601 977 ,
616 947 774 970 commuto
788 939 903 971 locum.

227 999 286 1029 Sed
299 1006 387 1030 estne
400 999 453 1030 ille
467 1007 574 1030 noster
586 1001 760 1030 Parmeno?
773 1003 811 1030 Et
823 1001 908 1030 certe
922 999 1007 1041 ipsus
1021 1006 1077 1031 est.

227 1060 327 1098 Quem
341 1058 521 1100 praestolare
530 1083 538 1096 ‚
553 1061 708 1089 Parmeno
717 1083 725 1097 ,
737 1058 790 1089 hic
803 1065 877 1089 aute
890 1060 1024 1090 ostium?

633 1190 833 1211 PARMENO.

227 1241 304 1281 Quis
316 1240 412 1272 homo
426 1243 492 1272 est?
505 1242 598 1272 Hem!
615 1240 737 1272 salvum
751 1247 782 1271 te
795 1240 962 1278 advenire,
978 1240 1070 1279 here,
1084 1241 1215 1284 gaudeo.

650 1382 812 1402 hacun&

225 1434 325 1471 Quem
341 1431 541 1473 praestolare?

631 1503 648 1523 P
658 1504 677 1523 A
687 1503 705 1523 R
714 1503 736 1523 M
746 1503 764 1523 E
773 1503 793 1523 N
802 1504 833 1524 ο.

536 1552 634 1584 Perii!
650 1553 771 1594 Lingua
784 1551 883 1582 haeret
894 1557 993 1582 metu.

645 1631 744 1652 LACH
759 1632 806 1652 ns.

1014 1684 1105 1713 Hem!

224 1741 305 1780 Quid
322 1743 386 1771 cst?
400 1742 481 1781 Quid
499 1742 656 1782 trepidas?
670 1740 765 1772 Satin'
779 1740 892 1771 salvae?
905 1741 958 1774 Dic
972 1741 1058 1772 mihi.
