1294 2149
219 108 278 137 108
586 109 849 138 EUNUCHUS.

537 263 770 314 SCENA
811 265 900 315 VI.
951 245 953 247 ’

495 394 694 430 CHEREA,
724 394 940 423 ANTIPHo.

636 599 652 618 c
662 599 682 618 n
693 600 710 619 E
718 600 738 620 R
745 600 763 620 E
772 601 801 620 A.

217 653 299 681 Num
311 650 382 693 quis
395 648 448 680 hic
461 651 526 680 est?
538 651 635 680 Nemo
649 657 705 680 est.
720 653 802 681 'Num
816 651 887 693 quis
899 651 974 681 hinc
987 661 1036 681 me
1049 651 1194 694 sequitur
1204 654 1217 681 ἓ)

260 713 357 742 Nemo
370 710 465 741 homo
480 717 536 742 est.

217 775 327 803 Jamne
340 784 505 814 erumpere
519 773 579 803 hoc
592 772 666 804 licet
677 773 756 803 mihi
768 773 939 815 gaudium?
951 776 1010 804 Pro
1023 773 1162 814 Jupiter!

218 836 308 864 Nunc
320 839 368 864 est
380 834 520 875 profecto
534 840 657 875 tempus
666 859 673 872 ‚
687 834 760 864 cum
778 834 901 875 perpeti
917 845 967 864 me
986 844 1112 875 possum
1130 834 1229 864 inter-

261 893 328 932 fici,

220 958 263 985 Ne
275 955 336 986 hoc
349 955 500 998 gaudium
512 956 707 986 contaminet
719 957 784 986 vita
797 955 983 998 aegritudiue
996 955 1113 998 aliqua.

220 1016 279 1047 Sed
291 1018 490 1047 neminemne
503 1017 663 1047 curiosum
675 1016 868 1046 intervenire
881 1026 966 1045 nunc
978 1014 1072 1052 mihi,

220 1077 283 1116 Qui
292 1088 341 1107 me
349 1083 502 1119 sequatur
515 1078 644 1119 quoquo
655 1076 922 1118 eamPRogitaudo
931 1075 1099 1114 obtundat,
1106 1077 1234 1106 enecet?

221 1137 305 1177 Quid
315 1138 446 1179 gestiam
454 1163 462 1176 ‚
473 1143 529 1168 aut
539 1138 618 1180 quid
626 1137 715 1168 laetus
725 1137 802 1167 sim?
813 1138 876 1179 quo
887 1147 1016 1178 pergam
1023 1162 1030 1175 ‚
1041 1136 1127 1167 unde
1137 1147 1233 1167 emer-

266 1208 338 1239 gam
347 1223 355 1236 ,
368 1198 425 1228 ubi
438 1198 515 1228 siem

222 1259 378 1289 Vestitum
388 1259 474 1290 hunc
484 1266 607 1297 nactus,
618 1259 696 1302 quid
706 1258 785 1289 mihi
795 1269 935 1302 quaeram
943 1283 951 1296 ,
959 1268 1054 1288 sanus
1065 1257 1141 1296 sim‚>
1150 1267 1232 1287 anne

267 1320 442 1350 insaniam?

635 1404 654 1424 A
663 1404 682 1423 N
690 1404 708 1423 T
717 1404 727 1424 1
736 1404 753 1423 p
763 1403 782 1422 Η
793 1404 821 1423 ο.

224 1455 322 1485 Adibo
331 1481 339 1493 ,
353 1461 449 1497 atque
463 1455 504 1485 ab
518 1466 553 1485 eo
567 1456 701 1496 gratiam
711 1454 794 1484 hauc
803 1479 810 1492 ‚
821 1464 918 1496 quam
927 1453 1018 1484 video
1028 1452 1124 1490 velle,
1134 1452 1232 1482 inibo.

223 1505 360 1552 Cherea‚
380 1515 458 1556 quid
477 1521 523 1545 est
546 1515 632 1557 quod
654 1516 697 1545 sie
717 1515 829 1556 gestis?
851 1513 935 1554 Quid
953 1513 1012 1544 sibi
1030 1512 1080 1543 hic
1099 1512 1230 1543 vestitus

267 1576 398 1617 quaerit?

225 1636 307 1675 Quid
331 1642 377 1666 est
401 1636 486 1678 quod
508 1636 597 1667 laetus
620 1637 678 1667 sis?
700 1637 783 1676 Quid
807 1637 864 1668 tibi
885 1636 949 1667 vis?
971 1636 1090 1667 Satisne
1109 1636 1222 1665 sanus?

269 1697 352 1735 Quid
365 1707 414 1726 me

226 1759 389 1797 Aspectas‘z'
404 1758 484 1797 Quid
501 1764 581 1787 tare<
589 1762 600 1785 [¹
