1294 2149
167 119 225 148 133
537 118 801 147 EUNUCHUS.

572 200 590 219 Ρ
597 199 618 219 fl
627 199 644 219 E
653 200 673 219 n
681 199 700 220 R
708 200 718 220 1
728 199 758 219 A.

162 253 332 282 Fraterue?

600 319 734 340 nonus.

339 373 394 401 lta.

573 441 590 459 p
599 440 619 459 fl
630 441 648 459 E
657 440 677 459 D
685 440 722 460 m
733 441 762 459 A.

407 489 563 529 Quando?

602 565 620 583 n
628 565 647 584 o
654 563 674 583 R
682 563 702 583 U
710 564 735 583 s.

563 613 671 644 Hodie.

574 687 592 706 P
601 685 621 705 Η
630 686 647 705 Ε
656 686 676 705 D
686 686 704 705 R
714 686 723 705 1
734 686 751 705 A
758 697 764 704 .

670 737 773 775 Quam
785 735 926 766 dudiun?

602 816 674 836 non
684 816 703 835 υ
712 815 736 835 s.

914 863 1017 894 Modo.

574 937 590 956 Ρ
599 936 618 955 Η
630 937 646 956 Ε
656 937 675 956 D
684 936 703 956 R
712 937 721 956 1
734 936 762 955 Α.

165 988 319 1027 Quicum?

603 1057 623 1076 D
631 1058 650 1077 ο
659 1057 676 1076 a
686 1057 704 1076 u
713 1057 736 1075 s.

319 1111 398 1139 Cum
410 1111 618 1139 Parmenone.

574 1179 592 1199 P
602 1179 621 1198 Η
632 1179 650 1198 E
658 1178 678 1198 D
687 1178 705 1198 R
714 1178 725 1198 1
735 1179 764 1197 Λ.

627 1231 767 1259 Norasne
779 1239 851 1259 eum
864 1229 971 1270 prinis?

603 1301 622 1321 n
631 1301 649 1321 ο
657 1301 677 1320 R
684 1300 705 1320 U
713 1300 737 1320 s.

166 1356 246 1384 Non.
261 1355 339 1391 Nec,
353 1353 423 1395 quis
435 1358 531 1389 esset,
544 1353 689 1394 unquam
701 1350 864 1381 audieram
876 1350 983 1381 dicier.

579 1432 596 1451 P
604 1431 625 1450 Η
635 1432 652 1451 13
660 1431 680 1451 ι)
688 1431 707 1451 R
717 1432 726 1451 1
736 1432 766 1450 A.

166 1482 258 1513 Unde
271 1483 369 1524 igitur
380 1493 486 1513 meum
498 1481 629 1512 fratrem
642 1492 707 1511 esse
720 1480 857 1511 sciebas?

605 1554 624 1572 ι)
632 1554 651 1573 o
660 1553 678 1572 R
687 1553 706 1573 U
714 1553 738 1572 s.

893 1605 1047 1632 Parmeno

168 1665 296 1696 Dicebat
309 1676 381 1696 eum
395 1677 475 1697 esse:
491 1667 514 1696 is
528 1665 615 1696 dedit
628 1665 705 1695 mihi
719 1665 802 1695 hanc
815 1671 942 1695 vestem.

575 1738 591 1757 P
600 1737 620 1757 u
631 1738 648 1757 ε
658 1737 723 1757 nm
734 1738 765 1757 Α.

951 1783 1067 1815 Occidi,
