1294 2149
194 134 201 151 ι
212 122 229 151 S
235 121 251 150 S
564 123 587 150 E
595 122 623 149 U
630 123 653 149 N
662 122 689 149 U
697 123 720 151 C
728 123 755 149 H
764 122 789 149 U
798 123 826 149 S.

625 203 644 222 τ
651 201 672 221 n
680 193 718 221 A‘i
726 201 750 221 s.

187 255 323 289 Tamen,
337 253 363 282 si
376 258 501 293 pater...

608 321 624 341 c
633 321 654 340 Η
663 321 681 340 E
689 321 708 340 R
716 321 734 340 E
742 322 772 340 A.

516 370 620 410 Quid?
632 369 697 400 Ah!
714 368 814 406 volet,
828 370 914 400 certi)
927 368 1007 405 scio,

188 427 273 458 Civis
285 426 379 457 mode
392 425 458 456 haec
472 425 520 455 sit.

627 495 646 514 T
653 495 673 514 Η
682 486 719 515 Αἵ
728 496 751 514 s.

517 543 685 574 Paululum
698 542 874 585 opperirier

188 607 219 636 Si
232 607 294 643 vis,
305 607 371 647 jam
384 605 484 636 frater
497 605 563 646 ipse
575 603 629 634 hic
641 604 745 634 aderit
757 602 898 645 virginis.

189 667 351 698 Nutricem
364 667 550 696 accersitum
562 665 616 702 iit,
629 676 698 707 quae
711 664 799 695 illam
811 663 892 695 aluit
904 662 1085 705 parvulam:

188 731 226 758 111
239 727 456 770 cognoscendo
471 733 538 757 tute
552 726 618 768 ipse
630 725 683 756 hic
697 726 815 762 aderis,
829 725 959 757 Cherea.

608 798 625 817 c
634 798 655 817 H
663 799 681 817 E
689 799 708 818 R
716 799 734 817 E
741 799 771 817 A.

190 853 253 891 Ego
268 850 341 879 verb
356 860 477 881 maneo.

627 919 645 938 T
654 918 674 937 H
682 910 720 937 A]
727 918 750 937 s.

482 970 578 999 Visne
590 969 711 999 iutereii
720 992 728 1005 ‚
742 967 818 998 dum
831 968 857 997 is
868 967 956 997 venit
964 990 972 1002 ‚

190 1030 281 1062 Domi
293 1031 506 1072 opperiamur,
520 1031 625 1072 potius
638 1031 734 1072 quiam
746 1028 798 1059 hic
811 1035 885 1059 aute
898 1029 1032 1060 ostium?

608 1109 624 1128 c
633 1108 653 1128 Η
662 1109 680 1128 E
688 1108 707 1129 R
716 1109 734 1128 E
741 1109 772 1128 A.

190 1160 254 1190 lm&
271 1159 431 1201 percupio.

603 1229 620 1248 P
630 1228 648 1247 Y
656 1229 674 1247 T
683 1228 703 1247 n
713 1229 723 1248 1
733 1229 752 1247 A
761 1228 784 1247 s.

441 1282 543 1319 Quam
555 1283 592 1308 tu
605 1289 671 1308 rem
686 1284 811 1314 actura,
826 1277 954 1308 obsecro
963 1300 971 1313 ,
985 1278 1035 1307 es?

628 1351 647 1369 τ
654 1349 675 1368 Η
684 1340 721 1369 Αϊ
729 1349 752 1368 s.

190 1405 268 1432 Nam
283 1402 362 1445 quid
375 1401 439 1432 ita?

603 1472 621 1492 P
630 1471 647 1490 Y
656 1472 674 1491 T
684 1471 705 1491 Η
715 1471 725 1491 1
735 1472 755 1491 A
763 1471 787 1490 s.

453 1521 598 1564 Rogitas?
612 1524 703 1554 Hune
717 1527 752 1550 tu
765 1521 798 1550 in
811 1520 890 1551 aedes
903 1519 1021 1563 cogitas

191 1584 338 1625 Recipere
350 1583 480 1626 posthae
488 1585 501 1612 ἐ’

629 1653 675 1674 τυ
685 1645 721 1674 Αἵ
730 1654 754 1673 s.

499 1709 563 1735 Cur
577 1706 661 1735 nou?
