1294 2149
211 150 250 179 88
589 150 612 176 E
619 148 646 176 U
654 148 680 175 N
688 148 715 175 U
722 148 745 176 C
754 148 780 175 H
788 148 813 175 U
823 149 851 175 S.

630 228 649 247 'r
657 228 678 247 n
687 228 705 248 R
714 228 733 247 A
741 227 755 247 s
762 228 791 247 o.

712 278 794 306 Cur?

644 345 664 364 o
673 345 692 364 x
700 346 719 365 A
727 346 746 364 τ
752 345 780 365 ο.

798 397 916 436 Rogas?

211 454 308 487 Sciu’?
321 456 351 485 Si
363 454 492 497 quand&
506 453 561 484 illa
572 454 766 484 mentionem
778 453 917 484 Phedriae

210 517 313 555 Facit,
327 522 384 546 aut
396 515 421 545 si
435 513 559 551 laudat,
575 519 604 543 te
618 519 655 543 ut
666 512 748 542 malt}
762 518 844 542 urat.

633 583 653 602 ‘r
660 583 682 602 H
690 583 710 602 R
719 583 738 602 A
747 583 760 602 s
768 582 796 602 o.

848 632 962 661 Sentio.

646 703 665 723 G
673 703 693 722 N
701 704 721 723 A
728 704 747 722 'r
755 703 783 723 o.

211 756 247 787 Id
260 762 296 786 ut
308 766 348 785 ne
361 754 432 793 fiat,
445 754 510 785 haec
524 764 573 784 res
586 753 653 784 sola
665 760 711 784 est
724 753 872 783 remedio.

212 816 275 846 L'bi
288 814 465 845 nominabit
478 813 661 851 Phedriam,
675 819 711 843 tu
724 812 920 854 Pamphilam

213 877 383 907 Continui).
399 876 428 905 Si
441 875 569 917 quandb
582 874 638 904 illa
650 874 732 904 dicet
746 885 752 903 z
766 873 932 903 Phedriam

212 938 464 968 Intromittamus
478 936 725 971 commissatum;
741 942 792 964 tu:
807 934 1003 975 Pamphilam

215 999 386 1027 Cantatum
398 1006 613 1036 provocemus.
629 995 659 1024 Si
672 993 815 1023 laudabit
831 992 897 1023 haee

214 1057 301 1087 nlius
314 1057 464 1093 formam;
479 1063 514 1087 tu
527 1056 621 1097 hujus
635 1056 756 1085 contril.
771 1054 916 1096 Deniquiz

215 1121 276 1148 Par
288 1129 345 1159 pro
359 1118 428 1159 pari
440 1117 557 1149 referto
566 1143 574 1156 ‚
589 1116 675 1160 quod
687 1127 756 1146 eam
767 1115 919 1146 mordeat.

639 1255 657 1273 τ
666 1254 686 1273 Η
696 1254 715 1273 R
724 1255 743 1274 A
752 1254 765 1273 s
773 1254 801 1273 0.

217 1306 246 1335 Si
259 1304 388 1347 quidem
400 1315 450 1334 me
463 1310 600 1342 amaret,
615 1303 683 1333 tfun
696 1303 776 1333 istuc
789 1296 949 1343 prSdesset
958 1326 966 1338 ‚
980 1302 1092 1332 Gnato.

650 1373 669 1392 c-
678 1373 697 1392 N
706 1374 724 1392 A
732 1373 751 1391 τ
759 1373 787 1393 o.
810 1383 819 1386 -

218 1424 353 1464 Ωιιωιεῖὸ
366 1423 448 1454 illud
461 1423 546 1466 quod
561 1430 596 1453 tu
609 1423 664 1453 das
677 1429 836 1464 expectat,
850 1429 947 1464 atque
959 1428 1044 1452 amat
1053 1447 1060 1460 ‚

217 1486 409 1517 Jamdudixm
422 1492 508 1516 amat
522 1492 568 1516 te:
579 1485 768 1526 jamdudixm
781 1484 827 1515 illi
840 1484 930 1515 facile
943 1483 978 1514 fit

218 1546 310 1586 Quod
323 1546 438 1576 doleat.
453 1548 573 1576 Metuet
585 1556 717 1586 semper,
731 1556 825 1587 quem
838 1545 905 1585 ipsa
917 1554 1001 1574 nuuc
1013 1543 1095 1584 capit

218 1609 370 1638 Fructum
380 1632 387 1645 ,
402 1618 440 1637 ne
454 1607 584 1649 quandb
597 1607 696 1637 iratus
710 1612 746 1636 tu
759 1606 820 1637 alib
832 1604 983 1636 conferas.

651 1743 813 1763 THRAso.

220 1794 300 1824 Beni:
313 1793 401 1824 dixti.
417 1795 456 1824 At
468 1792 544 1824 mihi
558 1793 637 1824 istuc
652 1804 716 1823 non
730 1793 762 1823 iu
776 1798 914 1823 mentem
927 1797 1065 1821 venerat.
