1294 2149
227 176 265 210 ‘30
634 181 818 210 ANDRIA.

225 251 347 293 Scripta
359 251 415 283 illa
427 250 512 281 dicta
525 257 600 281 suut
613 251 647 280 in
660 251 765 282 animo
779 250 941 293 Chrysidis·

223 316 269 344 De
282 312 439 355 Glycerio.
454 314 524 343 Jam
536 312 634 344 ferme
646 313 784 343 moriens
796 324 845 344 me
858 320 964 350 vocat,

224 375 361 412 Accessi,
374 385 428 405 vos
441 381 583 411 semotae‚
599 386 656 405 nos
670 375 744 413 soli,
757 375 885 416 incipit:

224 435 269 465 Mi
281 434 445 476 Pamphile
454 459 463 472 ,
474 433 570 475 hujus
582 434 716 464 formam
731 440 827 476 atque
841 440 966 465 aetatem
978 434 1082 472 vides,

223 497 286 524 Nee
300 494 381 524 clam
395 500 425 524 te
437 500 499 531 est,
515 500 611 536 quam
624 493 673 523 illi
686 500 830 535 utraeque
842 504 892 524 res
905 504 991 524 nunc
1003 494 1132 525 inutiles

224 558 263 585 Et
276 553 317 584 ad
330 554 516 595 pudicitiam
529 559 561 583 et
573 552 615 583 ad
628 564 694 583 rem
708 552 875 583 tutandam
887 554 978 583 sient.

224 614 317 654 Quod
330 625 387 655 ego
400 620 431 644 te
444 624 501 654 per
513 613 597 644 hanc
610 613 754 644 dextram
767 624 839 652 oro,
853 620 884 644 et
896 614 1059 656 ingenim
1073 620 1161 645 tuum
1171 637 1179 650 ,

223 677 283 704 Ρει·
296 679 385 703 tuam
397 672 490 703 fidem
500 698 508 712 ,
522 683 642 715 perque
656 672 751 713 hujus
764 673 970 704 solitudinem

223 735 267 764 Te
281 733 432 770 obtestor,
446 743 486 762 ne
499 732 555 762 abs
569 738 598 762 te
611 732 695 762 hanc
707 743 850 774 segreges
859 757 868 771 ‚
881 743 944 763 neu
957 732 1090 764 deseras.

225 795 255 825 Si
268 800 298 824 te
311 795 345 824 iu
356 794 498 836 germani
511 793 618 824 fratris
631 793 728 824 dilexi
739 793 825 832 loco,

224 855 293 884 Sive
306 854 372 885 haec
385 860 416 884 te
428 852 530 884 solum
543 864 665 894 semper
678 853 754 884 fecit
766 853 907 890 maximi,

166 926 177 927 r
225 917 285 945 Seu
298 915 356 945 tibi
369 914 526 956 morigera
538 914 599 944 fuit
611 915 646 944 in
658 914 752 944 rebus
765 914 928 952 omnibus,

224 977 268 1004 Te
282 975 333 1004 isti
345 974 450 1004 virum
463 973 503 1004 do
513 998 520 1012 ‚
534 974 668 1004 amicum
679 998 686 1011 ‚
702 980 856 1010 tutorem,
871 979 993 1014 patrem
1007 984 1014 1001 ε

225 1036 311 1064 Bona
325 1040 433 1064 nostra
446 1033 511 1064 haec
525 1033 582 1063 tibi
595 1034 744 1074 permitto
753 1058 761 1071 ,
775 1039 806 1063 et
819 1039 880 1063 tuae
892 1032 1009 1063 maudo
1022 1031 1106 1062 fidei.

224 1098 314 1125 Hauc
326 1094 406 1126 mihi
418 1094 453 1125 in
465 1105 596 1125 manum
609 1094 664 1124 dat
672 1106 681 1130 ς
695 1105 779 1125 mors
791 1094 943 1124 continue»
956 1094 1054 1135 ipsam
1067 1098 1210 1134 occupat.

228 1155 355 1197 Accepi,
368 1161 529 1197 acceptam
542 1154 682 1186 servabo.

671 1479 694 1498 M
703 1478 742 1499 vs
751 1479 760 1498 1
770 1479 794 1498 s.

686 1532 734 1560 Ita
745 1540 836 1571 spero
851 1529 990 1571 quidem.

607 1600 625 1620 P
634 1601 653 1620 Α
662 1599 686 1620 Μ
696 1600 713 1620 1²
721 1600 742 1620 H
752 1600 763 1620 ι
772 1601 789 1620 L
796 1599 816 1619 u
824 1599 847 1620 S.

227 1651 283 1682 Sed
297 1662 353 1682 cur
368 1657 402 1681 tu
415 1650 481 1680 abis·
494 1650 533 1680 ab
548 1648 622 1679 illa?

668 1728 691 1747 M
701 1727 718 1747 Y
727 1728 740 1747 s
752 1728 761 1747 1
771 1728 793 1747 s.

632 1777 837 1808 obstetricem
854 1787 986 1807 accerso.
