1294 2149
259 157 314 186 188
671 157 854 186 ANDRIA.

709 238 722 256 s
732 239 741 257 1
752 237 775 257 Μ
782 238 810 258 o.

253 288 392 329 Quibus?

664 357 681 377 c
689 357 710 376 n
718 357 738 377 R
747 358 765 377 E
774 358 796 377 M
805 358 823 377 E
830 358 843 377 s
852 367 856 373 .

318 410 367 440 Ah
377 435 384 447 ‚
397 410 532 451 rogitas?
543 407 713 449 Perpulisti
724 418 774 437 me
783 431 791 444 ,
805 414 841 437 ut
854 407 978 437 homini
991 406 1242 445 adolescentulo,

252 473 289 501 Iu
302 469 364 501 alio
378 476 531 511 occupato
545 480 668 505 amore,
682 468 870 499 abhomenti
883 468 923 498 ab
936 479 970 499 re
982 469 1110 505 uxorizi,

252 530 367 561 Filiam
379 537 416 560 ut
429 530 537 560 darem
549 530 583 559 in
597 529 784 559 seditionem
793 552 801 565 ,
815 534 913 570 atque
925 529 1062 559 incertas
1075 528 1220 569 nuptias;

252 592 325 633 Ejus
339 591 448 621 labore
461 597 558 633 atque
572 589 638 631 ejus
651 589 760 619 dolore
769 613 777 626 ‚
791 595 888 631 gnato
902 595 938 619 ut
951 589 1126 620 medicarer
1138 595 1207 619 tuo.

252 652 447 692 Impetrasti:
461 651 591 692 incoepi,
605 650 680 681 ἀίω]
693 661 742 680 res
756 649 881 680 tetulit:
896 660 982 679 nunc
995 660 1062 679 nou
1074 649 1136 679 fert
1150 661 1156 678 :
1171 649 1262 680 feras.

251 711 343 742 Illam
357 712 432 742 hinc
446 711 545 742 civem
559 722 623 742 esse
637 711 746 741 aiunt:
767 721 847 751 puer
866 715 914 741 est
932 715 1036 740 natus.
1056 712 1117 740 Nos
1135 710 1244 740 missos

296 772 373 802 face.

706 1096 720 1115 s
728 1096 738 1115 1
748 1094 771 1114 M
779 1095 807 1114 0.

252 1147 311 1174 Per
324 1155 381 1187 ego
396 1151 426 1175 te
440 1144 513 1175 deos
527 1156 583 1175 oro
593 1171 600 1183 ‚
613 1152 650 1176 ut
664 1156 703 1175 ne
717 1145 780 1176 illis
794 1145 937 1176 animum
949 1144 1081 1175 inducas
1093 1143 1220 1174 credere
1229 1169 1236 1180 ‚

253 1203 374 1244 Quibus
387 1203 421 1234 id
435 1205 569 1234 maxime
581 1204 660 1234 utile
674 1210 720 1235 est
729 1229 736 1241 ‚
749 1204 842 1235 illum
850 1215 915 1235 esse
926 1206 1022 1246 quiim
1031 1204 1248 1234 deterrimum.

252 1265 443 1306 Nuptiarum
456 1264 561 1306 gratia
573 1264 638 1296 haec
651 1272 725 1296 sunt
739 1263 813 1296 ficta
825 1271 921 1307 atque
934 1265 1061 1306 incepta
1073 1265 1190 1295 omnia.

254 1325 314 1356 Ubi
328 1337 365 1356 ea
377 1337 485 1363 causa,
498 1326 704 1368 quamobrem
718 1326 783 1357 haec
796 1325 935 1364 faciunt,
947 1325 1008 1356 erit
1017 1325 1166 1366 adempta
1180 1324 1229 1355 his
1238 1350 1245 1362 ,

298 1386 453 1417 desinent.

662 1521 854 1542 CHREMES.

254 1572 346 1600 Erras
359 1582 366 1601 ;
379 1581 451 1601 cum
465 1573 552 1602 Davo
565 1578 690 1613 egomet
703 1571 770 1601 vidi
779 1571 963 1614 jurgantem
976 1568 1134 1602 ancillam.

709 1707 810 1727 Sluo.

1123 1759 1198 1789 Scio.
1287 1722 1294 1819 i
