1294 2149
177 158 232 186 152
583 159 767 187 ANDRIA.

171 230 250 258 Nam
263 228 378 258 idcircb
391 238 544 266 accersor,
558 228 686 270 nuptias
699 228 786 270 qubd
798 230 841 259 mi
855 229 1004 270 apparari
1017 230 1123 260 sensit.

568 360 584 379 c
593 360 615 380 Η
625 361 645 380 Α
654 361 674 381 n
682 361 693 380 1
703 360 723 380 N
731 361 753 381 n
760 361 783 380 s.

171 410 293 450 Quibus
318 410 447 453 quidem
472 411 570 453 quiam
594 410 686 441 facile
711 417 837 452 poterat
861 412 979 454 quiesci
995 438 1002 450 ‚
1025 413 1052 443 si
1079 412 1128 443 hic

214 471 364 513 quiescet.

612 550 631 568 D
640 550 681 569 Av
690 551 709 570 n
719 551 742 570 s.

171 602 250 641 Age,
265 599 291 629 si
304 598 356 630 hic
369 609 435 629 non
448 598 568 629 insanit
579 598 655 629 satis
667 599 723 630 sua
736 605 864 641 sponte,
877 600 1002 642 instiga.

616 732 740 753 MYsls.

910 787 1013 826 Atque
1026 783 1137 825 edepol

172 845 215 873 Ea
228 854 276 873 res
290 849 346 873 est.
361 844 594 885 Proptereeque
608 853 694 873 nuuc
705 844 818 873 misera
830 843 866 873 iu
877 853 1012 874 moerore
1024 850 1080 874 est.

557 923 575 943 P
584 924 603 943 A
611 923 635 943 M
644 924 661 943 Ρ
668 923 690 942 Η
699 924 709 943 1
718 924 735 943 L
742 924 763 943 U
771 923 795 943 s.

1027 976 1138 1017 Mysis,

171 1037 231 1064 Per
243 1045 351 1065 omnes
365 1034 424 1064 tibi
436 1034 548 1075 adjuro
563 1034 653 1073 deos,
667 1036 831 1077 uunquam
844 1045 913 1065 eam
931 1046 980 1065 me
999 1035 1139 1065 desertu-

216 1105 297 1125 rum.

173 1158 260 1192 Non,
272 1157 299 1186 si
311 1155 481 1197 capiendos
493 1156 573 1187 mihi
590 1157 686 1187 sciam
704 1167 768 1187 esse
787 1156 930 1187 inimicos
950 1166 1057 1187 omnes
1076 1156 1138 1186 ho-

215 1216 325 1247 mines.

172 1281 259 1308 Hanc
272 1277 349 1308 mihi
362 1277 515 1319 expetivi,
529 1280 676 1320 contigit:
691 1279 887 1310 conveniunt
899 1290 1018 1315 mores;
1033 1279 1160 1309 valeant

173 1339 234 1378 Qui
247 1339 332 1369 iuter
346 1350 402 1369 nos
416 1339 580 1370 dissidium
593 1340 706 1371 volunt
719 1352 725 1370 ε
740 1340 821 1371 hanc
831 1366 838 1379 ‚
853 1341 912 1371 nisi
925 1352 1008 1371 mors
1017 1364 1024 1378 ,
1038 1341 1083 1371 mi
1096 1340 1162 1370 adi-

216 1405 280 1429 met
294 1409 396 1430 nemo.

619 1470 641 1489 M
650 1469 669 1489 γ
677 1470 690 1489 s
699 1470 708 1490 1
717 1470 740 1489 s.

174 1518 339 1559 Resipisco.

560 1594 576 1614 Ρ
586 1596 604 1614 Α
614 1594 637 1614 M
647 1596 663 1615 p
672 1595 692 1614 n
702 1595 711 1614 1
720 1595 736 1614 ι.
745 1595 764 1614 u
773 1595 796 1614 s.

337 1646 404 1674 Non
418 1644 572 1685 Apollinis
584 1645 683 1687 magis
697 1656 807 1676 verum
816 1671 823 1684 ‚
837 1651 933 1688 atque
947 1644 1023 1683 hoc,
1037 1655 1161 1685 respon-

393 1715 461 1735 sum
474 1711 530 1736 est.

173 1764 202 1793 Si
218 1764 334 1804 poterit
346 1762 414 1794 {ieri
427 1770 464 1795 ut
477 1776 516 1795 ue
529 1772 620 1806 pater
633 1777 689 1807 per
703 1777 750 1796 me
764 1766 885 1796 stetisse
897 1765 1007 1796 credat
1016 1791 1023 1799 ,

174 1825 350 1865 Quomiuus
364 1825 410 1856 hm
424 1825 535 1858 fuerent
550 1827 682 1868 nuptiae,
696 1827 777 1858 volo.
794 1827 851 1858 Sed
865 1828 890 1858 si
903 1827 936 1858 id
952 1838 1016 1859 non
1028 1827 1160 1869 poterit,
