1294 2149
178 120 218 156 40
547 120 813 149 EUNUCHUS.

587 202 775 223 PHEDRIA.

652 250 780 283 Ceuseu'
794 263 882 293 posse
894 263 944 282 me
957 251 1142 291 obfirmare,
1154 259 1187 282 et

178 315 300 355 Perpeti
310 340 318 353 ‚
332 325 370 344 ne
383 313 509 344 redeam
521 314 662 344 intereix‘?

583 444 601 464 P
610 446 630 465 A
638 445 656 464 n
664 444 689 463 M
697 444 715 463 E
722 445 742 464 N
751 446 779 465 o.

661 499 764 527 Tene?
778 499 848 526 Non
860 496 965 528 hercle}
977 498 1125 528 arbitror.

177 560 257 588 Nam
270 563 324 587 aut
333 556 401 597 jam
414 556 571 586 rewrffire
581 581 589 595 ,
602 563 658 586 aut
671 567 745 587 mox
757 564 856 587 noctu
869 564 899 588 te
911 557 1040 599 adigent
1055 557 1187 587 horsiun

221 618 386 648 insomnia.

590 688 608 707 P
616 687 637 707 Η
646 688 663 707 E
671 688 691 707 D
700 688 719 708 n
728 689 738 707 1
747 689 778 708 A.

179 743 265 779 Opus
279 737 408 776 faciam,
421 744 458 767 ut
471 737 625 780 defatiger
638 749 738 780 usque
747 763 755 776 ‚
767 739 911 780 ingratiis
924 744 961 769 ut
974 738 1140 769 dormiam.

589 871 785 891 PARMExo.

181 921 330 963 vigilabis
343 922 457 952 lassus:
472 921 531 951 hoc
546 921 616 962 plus
631 921 733 951 facies.

594 1062 611 1081 P
619 1061 639 1080 H
648 1062 666 1080 E
676 1061 695 1080 n
703 1061 722 1081 Ρ.
731 1061 741 1080 1
751 1061 781 1080 A.

747 1110 812 1141 Ah!
828 1111 874 1141 nil
886 1110 962 1141 dicis
971 1135 978 1148 ‚
991 1113 1155 1140 Parmeno.

182 1174 341 1215 Ejicienda
348 1174 453 1204 hercl&
461 1174 525 1204 haec
533 1180 578 1204 est
589 1172 735 1203 mollities
746 1172 854 1202 animi.
864 1172 960 1201 Nimis
970 1182 1019 1202 me
1030 1170 1189 1212 indulgeo.

181 1235 323 1265 Tandem
337 1245 394 1276 ego
408 1245 473 1264 non
485 1233 541 1264 ill-31
554 1244 694 1271 caream,
707 1233 733 1263 si
746 1233 786 1263 sit
799 1243 893 1274 opus,
906 1232 956 1262 vel
970 1238 1074 1263 totum
1086 1232 1148 1262 tri-

227 1296 346 1326 duum?

593 1365 610 1385 P
620 1366 638 1384 A
648 1365 666 1384 R
675 1365 699 1384 M
707 1365 724 1384 E
732 1365 752 1384 x
761 1365 790 1385 o.

1017 1414 1092 1444 Hui!

184 1478 374 1508 Universum
388 1476 546 1508 triduum!
561 1476 640 1507 vide
655 1475 731 1518 quid
745 1486 828 1517 agas.

598 1547 614 1567 1³
623 1547 643 1566 n
653 1548 669 1567 E
678 1547 698 1566 n
707 1547 724 1566 n
734 1547 743 1566 ι
754 1548 784 1567 Α.

828 1597 895 1625 Stat
907 1595 1072 1625 sententia.
