1294 2149
436 261 920 324 PROLOGUS.

176 435 273 463 Poe‘ta
282 458 290 470 ,
303 433 374 463 cum
388 433 526 474 primum
539 432 680 463 animum
693 433 733 463 ad
745 432 948 464 scribendum
960 433 1099 475 appulit,

175 493 211 524 Id
223 493 284 524 sihi
298 494 405 535 negoti
419 493 554 523 credidit
567 492 669 523 solum
682 493 769 530 dari,

174 555 295 596 Populo
308 561 344 585 ut
358 553 521 596 placerent
534 565 613 596 quas
626 554 747 585 fecisset
760 553 893 585 fabulas.

174 618 293 646 Verum
306 616 400 646 aliter
414 616 539 646 evenire
553 615 654 646 multo
667 615 834 657 intelligit;

175 678 254 706 Nam
266 676 300 705 in
314 674 453 717 prologis
465 675 641 705 scribendis
654 686 783 716 operam
796 674 952 712 abutitur,

174 737 245 765 Non
258 735 314 776 qui
328 741 551 777 argumentum
564 740 688 773 narret,
702 734 755 765 sed
770 736 827 777 qui
841 733 989 765 malevoli

174 794 296 824 Veteris
309 799 408 835 poetae
422 793 598 824 maledictis
610 793 811 835 respondeat.

174 857 281 891 Nunc,
297 866 392 897 quam
406 866 474 885 rem
486 856 564 885 vitio
578 855 670 892 dent,
686 866 790 898 quaeso
800 881 807 893 ‚
822 855 963 885 animum
977 855 1142 885 advertite.

217 976 393 1007 Menander
406 976 481 1007 fecit
493 977 645 1007 Andriam
659 984 690 1008 et
702 977 922 1008 Perenthiam:

174 1036 236 1075 Qui
248 1037 404 1066 utramvis
416 1038 501 1067 recte
515 1037 617 1075 norit,
631 1037 739 1067 ambas
753 1038 893 1073 noverit3

173 1099 243 1127 Non
257 1097 302 1127 ita
315 1097 457 1128 dissimili
471 1105 545 1128 sunt
558 1105 745 1140 argumento
754 1123 761 1134 ‚
777 1098 831 1128 sed
844 1105 951 1129 tamen

173 1158 323 1189 Dissimili
336 1160 479 1189 oratione.
493 1166 567 1190 sunt
581 1159 669 1189 factae
681 1171 717 1190 ac
730 1159 824 1202 stylo.

174 1220 249 1258 Quae
262 1220 454 1257 convenere,
468 1220 502 1249 in
516 1219 683 1256 Andriam,
698 1231 735 1249 ex
747 1219 910 1250 Perinthia

173 1281 306 1309 Fatetur
319 1280 533 1318 transtulisse,
546 1287 642 1322 atque
655 1291 746 1311 usum
760 1291 817 1321 pro
831 1281 903 1311 suis.

174 1339 209 1369 Id
222 1339 274 1370 isti
288 1340 472 1382 vituperant
487 1341 622 1380 factum,
636 1348 732 1384 atquc
746 1343 779 1371 iu
793 1353 829 1372 eo
844 1341 1007 1382 disputant
1018 1367 1025 1374 ,

173 1401 394 1432 Contaminari
410 1413 473 1432 non
488 1402 597 1433 decere
611 1403 743 1433 fabulas.

173 1463 308 1493 Faciunt
322 1473 368 1492 nae
382 1463 590 1505 intelligendo
605 1471 641 1494 ut
655 1464 735 1494 nihil
751 1464 932 1507 intelligant
945 1476 951 1494 ε

173 1525 235 1564 Qui
248 1524 319 1554 cum
333 1525 419 1555 hunc
432 1533 582 1556 accusant
591 1552 598 1564 ‚
612 1527 752 1556 Naevium
762 1552 769 1564 ‚
783 1526 928 1556 Plautum
939 1551 946 1564 ‚
961 1526 1097 1556 Ennium

173 1589 344 1624 Aoeusant,
360 1598 440 1629 quos
452 1586 505 1617 hic
519 1595 627 1618 noster
640 1594 783 1618 auctores
797 1588 894 1618 habet
908 1599 914 1617 :

173 1649 315 1687 Quorum
329 1649 467 1679 aemulari
481 1656 609 1690 exoptat
624 1649 850 1691 negligentiam

173 1707 280 1738 Potius
294 1709 389 1750 quam
404 1708 536 1739 istorum
550 1708 714 1739 obscuram
728 1708 938 1751 diligentiam.
