1294 2149
194 131 252 160 180
606 133 789 161 ANDRIA.

630 212 651 232 D
659 212 701 232 Av
709 213 730 232 u
738 213 762 232 s.

190 262 245 292 Hic
259 272 347 291 socer
359 267 415 291 est.
430 260 498 291 Alio
512 267 604 302 pacto
617 260 704 291 haud
717 267 843 302 poterat
856 260 923 292 fieri

191 325 235 353 Ut
247 323 340 353 sciret
354 323 420 354 haec
435 334 504 365 quae
517 322 675 353 volumus.

634 393 659 412 M
667 392 686 412 Y
694 393 707 412 s
716 393 726 413 1
734 393 758 412 s.

585 443 770 473 Praediceres
775 466 781 472 .

629 522 650 540 n
659 522 701 541 μ’
710 522 729 541 t]
737 522 762 541 s.

189 571 323 602 Paulam
337 571 487 601 interesse
500 581 621 607 censes,
636 581 673 601 ex
685 571 791 601 animo
805 572 908 602 omnia
918 596 925 609 ‚

189 635 233 662 L‘t
246 632 308 662 fert
321 637 452 669 natura,
467 630 561 661 facias
569 654 577 668 ,
591 642 633 661 an
645 630 684 661 de
696 630 874 661 industrie?

486 793 721 843 SCENA
757 793 910 843 VIII.

437 913 577 946 CRITO
591 935 598 948 ,
622 913 774 945 MYSIS,
798 913 955 941 DAVUS.

629 1059 646 1079 c
656 1060 673 1080 ιι
683 1061 691 1079 1
702 1061 720 1079 τ
728 1061 758 1079 0.

191 1112 228 1140 111
240 1109 299 1140 haic
312 1109 471 1139 habitasse
485 1108 591 1150 platea
603 1109 723 1139 djctum
736 1115 782 1139 est
796 1108 999 1150 Chrysidem:

190 1173 266 1210 Quae
278 1181 309 1200 se
322 1169 488 1200 inhoneste
501 1171 623 1211 optavit
636 1181 748 1211 parare
761 1169 813 1200 hic
826 1169 950 1200 divitias

190 1232 299 1262 Potins
313 1233 409 1274 quam
422 1233 455 1261 in
468 1232 572 1273 patriai
584 1231 716 1262 honeste
730 1242 850 1272 pauper
862 1230 978 1261 vivere.

191 1292 264 1333 Ejus
276 1299 378 1323 morte
392 1303 428 1322 ea
440 1293 480 1323 ad
493 1303 542 1323 me
551 1318 559 1331 ⁷
574 1292 655 1334 lege,
669 1292 836 1322 redierunt
848 1292 943 1323 bona.

191 1353 249 1383 Sed
262 1364 342 1396 quos
354 1360 522 1394 perconter
534 1353 637 1384 video.
653 1353 785 1384 Salvete.

638 1494 663 1514 M
671 1495 690 1514 Y
697 1494 711 1514 s
720 1495 729 1514 1
738 1494 762 1514 s.

798 1544 950 1581 Obsecro,

192 1607 295 1645 Quem
307 1604 420 1635 video?
436 1607 530 1635 Estne
543 1604 596 1635 hic
610 1605 697 1635 Crito
709 1604 856 1635 sobrinus
868 1602 1040 1635 Chrisidis?

192 1669 220 1696 Is
233 1673 289 1696 est.

640 1746 767 1765 CRITO-

304 1799 329 1824 0
344 1796 440 1838 Mysis
451 1821 458 1834 ‚
471 1795 563 1825 sah-e.
