1294 2149
222 99 281 128 230
645 102 825 131 ANDRIA.

624 183 746 204 cumn
759 184 833 204 xrs

914 236 993 265 Mun
1008 235 1061 266 ille
1075 238 1209 268 somniat

221 295 263 321 Ea
278 302 346 334 quae
360 292 494 334 vigilans
509 293 628 324 voluit?

605 365 844 386 pmxpnnus.

616 415 693 445 Τιίιι]
709 415 747 444 de
762 426 859 455 puero
869 441 876 453 ‚
891 418 993 446 Dave?

658 486 677 504 n
688 485 727 505 Ax·
737 486 757 505 U
766 487 788 506 s.

1008 537 1070 567 Ah!
1088 537 1204 568 desine.

221 593 310 623 Solus
324 598 370 622 est
383 603 477 634 quem
490 592 627 634 diligunt
640 593 694 623 dij.

623 673 639 691 c
648 673 668 691 n
679 674 695 693 A
706 673 724 692 R
735 674 743 693 1
754 673 771 692 N
780 674 799 692 n
810 673 833 693 s.

699 723 807 754 Salvus
819 734 887 754 sum
896 749 904 762 ‚
917 724 942 755 si
957 724 1021 755 haec
1035 735 1107 755 vera
1121 733 1204 756 sunt.

222 782 402 824 Colloquar.

606 854 623 873 P
632 855 650 873 A
660 853 683 873 Μ
691 854 708 874 p
717 854 737 873 H
747 855 755 874 1
764 855 781 874 L
790 855 809 874 υ
817 855 840 874 s.

287 903 363 942 Quis
376 901 470 933 homo
484 903 549 932 est?
562 902 697 932 Charine
706 926 714 939 ‚
725 903 759 932 in
773 909 913 944 tempore
927 903 994 945 ipso
1007 905 1050 935 mi
1064 904 1203 936 advenis.

618 973 634 992 c
644 973 663 992 R
675 974 693 993 A
702 973 720 992 R
731 974 739 992 1
750 974 769 992 x
779 974 799 993 n
808 974 830 994 s.

220 1025 301 1054 Bene}
314 1023 440 1053 factum.

603 1104 620 1123 P
630 1104 649 1123 A
658 1103 681 1123 Μ
690 1104 707 1123 P
716 1103 736 1123 n
747 1104 757 1123 1
767 1104 784 1124 ι,
791 1103 811 1123 υ
819 1104 842 1123 s.

396 1155 487 1185 Hem!
503 1152 672 1184 audistin'?

611 1223 627 1242 c
637 1224 657 1243 Η
668 1225 684 1243 A
694 1224 713 1243 n
723 1225 731 1243 1
745 1224 764 1244 N
773 1223 792 1243 t]
802 1224 825 1243 s.

486 1274 602 1305 Omnia
615 1285 621 1303 z
636 1285 709 1316 age,
721 1285 771 1304 me
785 1275 818 1304 in
831 1274 893 1304 tuis
904 1274 1049 1306 secundis
1062 1276 1180 1316 respice
1194 1287 1200 1305 :

217 1338 302 1365 Tuus
315 1342 361 1365 est
374 1345 459 1364 nuuc
472 1333 636 1365 Chremes:
658 1333 832 1370 facturum,
853 1344 923 1376 quae
935 1333 1037 1373 voles,
1056 1335 1118 1365 scio
1137 1345 1200 1365 esse

261 1394 377 1426 omnia.

600 1474 617 1494 P
626 1474 645 1494 A
654 1473 678 1493 M
686 1474 703 1494 P
711 1473 731 1492 H
742 1474 750 1494 ι
760 1475 776 1493 L
786 1474 804 1494 n
813 1474 836 1494 s.

215 1525 353 1555 Memini.
366 1527 467 1566 Atque
480 1523 556 1553 adeo
567 1522 697 1565 longum
708 1529 752 1554 est
762 1534 819 1553 uos
830 1523 921 1554 illum
930 1531 1093 1565 expectare
1103 1548 1110 1562 ,
1122 1524 1199 1555 dinm

257 1593 355 1617 excat.

212 1650 346 1689 Sequere
361 1645 418 1675 hinc
432 1655 480 1675 me
494 1644 579 1674 iutils
593 1644 633 1675 ad
648 1644 828 1687 Glycerium
844 1656 928 1675 nunc
942 1657 947 1674 :
965 1651 997 1675 tu
1012 1671 1018 1683 ‚
1032 1649 1116 1676 Dave
1126 1671 1132 1683 ,
1147 1647 1197 1677 ahi

254 1707 382 1738 domum
391 1729 398 1742 ,

209 1768 344 1808 Proper'e
358 1776 478 1796 accerse
492 1764 566 1795 hinc
580 1766 634 1807 qui
649 1764 795 1795 auferant
809 1776 887 1796 eam.
910 1766 991 1806 Quid
1013 1768 1090 1796 stas!
1113 1767 1194 1806 Quid

253 1830 370 1858 cessas?
