1294 2149
227 213 266 244 So
642 216 667 243 A
674 215 699 243 N
707 215 732 243 D
740 215 763 243 R
771 215 783 242 l
791 216 826 243 A.

225 285 322 316 Dabit
334 296 426 316 nemo
440 296 446 314 ε
460 285 589 326 inopem
602 285 744 315 inveniet
759 285 864 326 potius
873 310 881 323 ‚
901 287 997 327 quim]
1012 292 1041 315 te
1054 276 1214 326 corrulfipi

269 345 364 376 sinat.

225 405 285 437 Sed
297 407 323 436 si
336 412 366 436 te
379 416 469 448 aequo
483 406 589 435 animo
602 405 686 435 ferre
699 404 848 446 accipiet,
864 404 1077 447 negligentem
1090 405 1199 436 feceris
1208 431 1215 443 ,

225 467 328 498 Aliam
341 468 458 498 otiosus
471 473 601 509 quaeret.
616 469 741 497 Interea
754 466 879 509 aliquid
891 466 1043 497 acciderit
1054 466 1141 497 boni.

613 719 630 738 Ρ
639 720 659 738 A
668 718 691 738 M
700 719 716 739 Ρ
724 718 745 737 n
755 719 764 738 1
774 719 790 738 L
799 719 818 738 u
828 719 851 738 s.

225 767 303 799 Itan'
317 769 435 799 credis?

666 839 686 859 n
695 839 737 858 Av
748 839 766 858 U
775 839 798 858 s.

382 888 474 919 Haud
487 888 620 919 dubium
631 888 664 918 id
678 888 806 930 quidem
819 894 874 918 est.

608 970 625 989 P
635 970 654 989 Α
663 969 686 989 M
695 969 712 989 Ρ
722 969 742 988 H
753 969 763 988 1
773 969 789 988 L
797 968 817 988 U
827 969 851 988 s.

762 1017 842 1047 Vide
856 1019 920 1059 qub
934 1028 984 1047 me
998 1016 1139 1048 inducas.

669 1090 687 1109 n
697 1089 738 1109 Av
747 1089 767 1109 U
776 1090 800 1109 s.

1015 1137 1102 1178 Quin
1117 1140 1218 1168 taces?

609 1211 626 1230 Ρ
637 1211 655 1230 A
664 1210 688 1230 M
697 1210 714 1230 Ρ
724 1210 745 1230 fl
755 1211 764 1230 1
774 1211 791 1231 L
800 1211 819 1230 U
828 1211 851 1230 s.

223 1261 344 1291 Dicam.
357 1263 494 1291 Puerum
507 1266 614 1291 autem
627 1271 667 1292 ne
680 1260 828 1292 resciscat
839 1260 920 1291 mihi
933 1270 997 1291 esse
1011 1270 1048 1291 ex
1061 1259 1132 1298 illa,
1143 1270 1217 1290 cau-

268 1322 313 1352 tio
327 1327 390 1358 est;

223 1384 302 1412 Nam
315 1381 477 1423 pollicitus
490 1392 558 1412 sum
573 1388 801 1423 suscepturum.

667 1462 686 1481 n
695 1462 736 1481 Av
745 1461 765 1481 U
776 1462 799 1480 s.

754 1514 780 1542 Ο
794 1511 918 1543 facinus
932 1511 1035 1542 audax
1047 1513 1053 1540 !

611 1584 628 1603 Ρ
637 1583 655 1603 A
665 1583 689 1603 M
697 1584 714 1604 Ρ
723 1583 744 1603 11
755 1584 791 1603 η
801 1583 819 1603 u
828 1583 851 1603 s.

1017 1634 1105 1662 Hanc
1123 1630 1217 1661 fidem

223 1693 286 1724 Sibi
296 1704 346 1724 me
357 1693 548 1732 obsecravit,
557 1695 613 1736 qui
624 1705 655 1724 se
666 1693 759 1724 sciret
770 1705 836 1725 nou
843 1694 1043 1725 deserturum
1052 1717 1060 1731 ‚
1073 1699 1109 1723 ut
1119 1692 1237 1723 darem.

666 1765 687 1784 D
697 1765 737 1784 Av
747 1765 766 1784 U
776 1765 798 1784 s.

224 1814 408 1846 Curabitur.
423 1814 481 1845 sed
496 1821 588 1856 pater
600 1814 704 1849 adest3
719 1825 794 1845 cave
809 1820 839 1845 te
853 1825 916 1845 esse
930 1813 1054 1845 tristem
1067 1813 1193 1844 sentiat.
