1294 2149
170 119 211 157 44
230 109 232 113 ’
363 119 369 122 ·
538 122 561 149 E
572 121 596 148 [J
604 121 629 148 N
641 122 664 149 [J
673 122 695 150 c
705 122 730 149 H
742 123 764 149 υ
775 123 802 149 s.

168 192 333 221 Hominem
345 191 432 222 haud
444 192 621 234 impurum,
634 190 745 223 itidffm
757 193 861 234 patria
873 193 929 235 qui
941 192 1147 236 abligurierat
1180 214 1183 217 -

211 252 305 282 bona.
599 260 616 282 t

167 312 264 342 Video
278 318 419 350 sentum,
434 312 631 356 squalidum,v
644 323 763 354 aegrum
771 337 778 351 ,
793 313 906 353 pannis
920 313 1075 355 annisque
1086 313 1170 344 obsi-

210 379 289 403 tum.

167 433 249 473 Quid
262 433 341 463 istuc
351 457 358 470 ‚
371 433 520 474 inquam,
534 434 641 463 ornati
655 417 892 472 estsQuoniam
904 433 1007 471 miser,
1022 434 1108 476 quod
1121 434 1179 464 ha-

206 492 277 529 bui,
292 491 426 532 perdidi.

165 555 259 590 Hem,
273 553 336 594 qub
349 552 496 585 redactus
509 553 594 583 sum!
608 555 724 583 Omnes
738 553 806 583 uoti
818 563 868 583 me
881 558 978 595 atque
991 554 1083 584 amici
1095 553 1180 584 dese-

208 621 295 645 runt.

165 675 222 704 Hic
235 685 292 715 ego
306 672 397 704 illum
410 673 586 714 contempsi
598 675 662 714 prae
677 684 743 704 me:
759 672 850 718 quid,
863 672 975 711 homo,
988 674 1138 716 inquam,

197 734 407 775 -ignavissime
418 758 426 771 ‚

164 791 242 824 Itau'
256 794 375 835 parasti
388 799 418 824 te
427 818 435 831 ,
449 799 486 823 ut
499 804 568 835 spes
582 793 672 823 nulla
684 792 809 835 reliqua
820 793 855 823 iu
867 798 898 823 te
911 793 970 825 siet
983 793 1060 824 tibi?

164 854 261 885 Simul
275 854 442 885 consilium
454 865 526 885 cum
538 865 572 885 re
586 855 709 885 amisti?
718 852 827 885 Yiden’
840 864 889 885 me
900 864 938 885 ex
949 854 1060 885 eodem
1072 861 1180 886 ortum

189 911 196 929 ⁹
209 917 298 947 loco?

164 979 226 1018 Qui
239 978 337 1016 color,
350 979 447 1016 nitor,
460 978 605 1015 vestitus,
623 989 693 1020 quae
705 977 861 1008 habitudo
874 984 921 1008 est
933 979 1090 1019 corporis?

166 1041 283 1070 Omnia
296 1039 414 1078 haheo,
428 1050 531 1082 neque
546 1039 722 1082 quidquam
735 1039 852 1070 habeo:
870 1039 915 1069 nil
928 1050 1001 1070 cum
1014 1046 1076 1077 est,
1090 1039 1135 1070 nil

212 1098 287 1130 defit
301 1106 417 1130 tamen.

162 1164 202 1191 At
215 1172 272 1202 ego
285 1156 395 1191 infelix
409 1171 512 1202 neque
525 1160 677 1190 ridiculus
689 1170 754 1190 esse
763 1185 770 1198 ‚
784 1170 888 1202 neque
900 1159 1008 1202 plagas
1021 1161 1089 1201 pati

164 1223 304 1251 Possum.
321 1221 425 1261 Quid?
439 1227 474 1251 tu
487 1220 535 1251 his
548 1220 643 1251 rebus
656 1220 757 1251 credis
770 1219 857 1250 fieri?
869 1220 950 1251 Τοῐέι
962 1231 1048 1250 erras
1060 1220 1122 1250 vizi.

165 1282 250 1313 Olim
263 1283 315 1313 isti
328 1282 389 1312 fuit
402 1283 510 1324 generi
523 1282 688 1324 quondam
701 1288 838 1324 quaestus
850 1281 936 1323 apud
948 1281 1071 1312 seclum»
1077 1281 1176 1322 prius.

163 1344 228 1372 Hoc
240 1353 361 1372 novum
374 1349 419 1373 est
432 1343 621 1384 aucupium:
636 1353 693 1384 ego
707 1341 785 1372 adei)
799 1341 881 1377 hanc
895 1341 1016 1383 primus
1028 1342 1137 1372 iuveni

210 1405 303 1434 viam.

163 1468 217 1495 Est
231 1476 329 1506 genus
342 1465 525 1505 homiuum,
537 1466 592 1508 qui
605 1476 670 1496 esse
683 1466 800 1506 primos
813 1476 844 1495 se
854 1465 998 1495 omnium
1009 1474 1116 1494 rerum
1125 1474 1181 1494 vo·

206 1525 277 1556 lunt
288 1552 295 1564 ,

161 1588 223 1616 Nec
236 1593 327 1616 suut:
340 1586 397 1617 hos
411 1594 591 1618 consector:
604 1587 687 1618 hisce
698 1597 755 1629 ego
767 1597 832 1617 uon
844 1597 920 1628 paro
929 1597 979 1616 me
990 1592 1027 1616 ut
1035 1585 1179 1625 rideant,

162 1647 221 1678 Sed
234 1647 277 1678 eis
291 1647 377 1679 ultrb
391 1649 516 1679 arrideo
526 1675 534 1687 ,
547 1655 579 1680 et
591 1660 703 1679 eorum
715 1649 845 1690 ingenia
857 1648 997 1679 admiror
1009 1647 1120 1678 simul:

162 1707 324 1750 Quidquid
337 1708 464 1747 dicunt,
479 1708 593 1748 laudm
606 1709 638 1739 hl
652 1708 780 1739 rursiuu
796 1709 821 1739 si
837 1714 971 1750 negant,
985 1707 1079 1738 laudo
1093 1706 1130 1738 id

206 1779 332 1811 quoque
338 1793 342 1798 .
848 1792 858 1807 l
