1294 2149
162 118 203 158 74
576 116 762 146 ANDRIA.

602 196 735 216 DAVUS.

841 249 881 277 At
894 245 1002 276 nullus
1015 245 1153 289 quidem.

560 317 578 336 c
588 317 608 336 H
618 317 638 336 A
646 317 665 336 n
675 318 685 336 1
695 317 715 336 N
724 317 745 336 U
754 316 778 336 s.

164 368 248 409 Quid
261 369 325 399 ita?
338 370 454 408 Nempe
469 367 544 397 huic
557 367 686 408 prorsils
698 366 786 397 illam
801 378 866 397 nou
881 367 946 397 dat.

603 505 623 524 D
632 504 673 524 Av
683 504 704 523 U
712 504 739 523 s.

850 552 1032 584 Ridiculum
1046 555 1157 595 caput!

165 618 262 659 Quasi
276 628 400 648 necesse
414 616 471 654 sit,
486 617 510 646 si
523 615 599 646 huic
612 626 678 646 non
697 615 768 653 dat,
788 621 819 645 te
838 614 929 646 illam
946 626 1076 645 uxorem
1096 615 1159 645 du-

209 690 290 709 cere.

166 742 230 771 Nisi
242 740 329 771 vides
340 764 349 777 ,
362 739 424 770 nisi
437 739 520 770 senis
533 739 648 769 amicos
662 749 732 769 oras
741 763 748 776 ,
759 737 894 768 ambis...

569 809 586 828 c
595 809 616 828 Η
627 810 644 829 Α
655 809 673 828 R
683 810 693 829 1
702 809 722 828 x
730 809 750 828 U
759 809 783 828 s,

901 857 983 886 Beni!
996 867 1115 886 mones.

167 921 240 956 Ibo3
255 920 313 950 etsi
326 919 432 950 hercl&
445 920 523 961 saepie
532 918 600 960 jam
612 929 662 949 me
675 929 745 959 spes
758 917 823 948 haec
836 917 989 948 frustrata
1002 922 1057 947 est.
1072 915 1160 946 Vale.

495 1167 728 1218 SCENA
764 1168 857 1219 IV.

444 1293 727 1328 PAMPHILUS,
752 1292 910 1321 DAVL'S.

560 1435 799 1456 PAMPHILUS.

173 1489 256 1530 Quid
270 1489 369 1532 igitur
382 1488 443 1519 sibi
456 1488 526 1519 vult
540 1489 650 1530 pater?
662 1490 727 1518 Cur
739 1485 888 1518 simulat?

618 1621 637 1640 D
647 1620 688 1639 AV
699 1619 717 1638 U
727 1619 750 1639 S.

883 1671 946 1710 Ego
960 1666 1063 1697 dicam
1076 1665 1143 1697 tibi.

174 1732 203 1760 si
218 1731 247 1760 id
263 1736 443 1760 succenseat
458 1740 543 1759 nunc
553 1755 559 1765 ,
574 1729 648 1771 quia
665 1739 729 1758 non
744 1728 799 1758 dat
813 1728 871 1758 tibi
885 1739 1016 1759 uxorem
1026 1727 1174 1759 Chremes
1184 1752 1190 1762 ,

176 1793 261 1831 Ipsus
275 1789 333 1820 sibi
349 1788 495 1819 videatur
509 1787 643 1828 injurius
657 1798 737 1821 esse,
755 1797 857 1828 neque
872 1787 903 1817 id
918 1787 1035 1828 injuria}
1046 1812 1052 1819 .
