1294 2149
277 131 335 167 161¹,
639 134 903 162 EUNUGHUS.
1289 135 1294 162 ἐ

271 203 333 242 Qui
345 202 404 232 scis
416 214 457 233 au
466 225 474 239 ,
488 213 558 244 quae
566 202 713 242 jubeam,
727 202 794 232 sinc}
807 203 838 232 vi
852 202 966 233 faciat?

703 334 839 355 GNATQ

965 385 1003 412 Di
1017 389 1152 413 vestram
1164 383 1257 415 fidem
1265 408 1276 421 ‚

269 445 389 484 Quanti
403 450 449 474 est
461 446 587 485 sapere!
601 446 772 487 Nunquam
785 444 898 475 accedo
911 444 953 475 ad
967 451 1012 482 te,
1027 445 1108 488 quin
1119 446 1175 476 abs
1188 453 1219 477 te

312 504 422 534 abeam
435 503 566 534 doctior.

691 584 850 604 THRASO.

269 632 379 670 Thais,
394 634 531 675 primilm
545 635 605 665 hoc
617 635 698 666 mihi
710 635 882 677 responde:
896 636 969 666 αῦτη
981 636 1041 667 tibi
1053 636 1094 667 do
1107 637 1200 667 istam

1288 645 1291 679 ι

1287 682 1292 734 ἶ

312 694 483 735 virginem,

268 753 384 784 Dixtiu'
398 754 455 785 hos
466 754 546 785 mihi
560 755 626 786 dies
639 754 698 786 soli
711 755 786 785 dare
801 757 851 786 te?

705 828 724 846 'r
734 827 754 846 11
762 828 783 847 A
789 819 802 846 ϊ
810 827 833 846 s.

838 876 923 916 Quid
937 882 1003 907 ttun
1017 876 1142 918 postea?

692 947 737 966 ΤΗ
750 947 854 967 RAso.

1129 997 1274 1039 Rogitas?

268 1060 343 1096 Quae
356 1056 437 1087 mihi
449 1059 523 1087 ant&
536 1057 644 1088 oculos
655 1058 761 1088 coriun
773 1064 947 1089 amatorem
959 1057 1093 1088 adduxti
1104 1058 1215 1087 tuum?

705 1139 724 1158 τ
732 1139 752 1158 Η
763 1130 800 1158 Αῑ
809 1138 832 1158 s.

267 1189 352 1230 Quid
364 1202 436 1222 cum
449 1190 505 1221 illo
519 1197 554 1221 ut
567 1193 659 1233 agas?

688 1262 706 1281 T
716 1262 733 1281 H
744 1262 763 1282 R
771 1263 789 1282 A
799 1262 812 1281 s
820 1262 848 1282 ο.

663 1315 702 1342 Et
714 1324 786 1343 cum
798 1324 834 1343 eo
848 1311 929 1343 clam
942 1318 973 1343 te
986 1312 1136 1343 subduxti
1148 1311 1247 1342 mihi?

705 1445 751 1464 'ru
762 1436 831 1464 Ais.

265 1492 382 1523 Libuit.

688 1566 734 1586 τΗ
747 1566 766 1586 R
776 1567 794 1586 A
803 1566 852 1586 so.

374 1614 570 1656 Pamphilam
583 1627 657 1657 ergo
671 1615 733 1647 huc
746 1615 860 1653 redde,
875 1615 936 1646 nisi
949 1616 981 1646 vi
993 1615 1092 1647 mavis
1105 1614 1193 1657 eripi.

668 1749 859 1770 CHREMES.

264 1796 335 1826 Tibi
348 1796 436 1828 illam
450 1797 581 1828 reddat?
594 1806 649 1829 aut
665 1806 698 1829 tu
713 1811 781 1831 eam
795 1802 924 1841 tangas?
936 1801 1112 1832 omnium...
