1294 2149
196 133 253 163 136
557 132 822 161 EUNUCHUS.

604 214 622 233 P
631 212 649 232 Y
656 214 675 232 T
683 212 703 232 Η
713 214 723 233 1
732 214 752 233 A
761 214 783 233 s.

190 266 270 293 Tace
279 288 287 301 ,
301 263 444 298 obsecr03
459 263 549 304 quasi
561 264 635 292 verb
647 262 780 303 paulam
791 263 943 293 intersiet.

190 324 238 354 Ad
252 335 307 354 nos
321 323 473 354 deductus
487 323 581 353 hodie
593 330 639 354 est
652 322 904 354 adolescentulus
914 349 921 359 ‚

191 387 292 425 Quem
305 392 340 415 tu
352 385 458 415 videre
471 387 545 415 verb
557 384 668 422 velles,
682 384 827 414 Phedria.

190 446 245 475 Hic
259 451 305 475 est
318 451 422 482 vetus,
436 445 537 474 vietus
547 469 554 481 ‚
568 450 752 474 veternosus
761 468 768 481 ‚
781 454 875 474 senex
886 469 894 481 ,

191 504 303 535 Colore
316 504 494 534 mustelino.

598 575 616 594 P
623 573 643 592 n
654 575 671 593 E
681 575 700 594 n
708 574 728 594 R
736 575 746 594 1
756 574 774 594 A
781 587 787 592 .

500 627 592 662 Hem,
606 635 676 667 quae
689 624 754 654 haec
766 629 813 654 est
825 623 952 654 fabula?

192 688 234 716 Εὸ
248 685 361 727 redigis
374 695 423 715 me
433 709 440 722 ,
453 690 504 722 ut,
518 684 596 726 quid
609 684 742 726 egerim,
755 690 878 725 egomet
891 683 1036 714 nesciam.

192 746 258 777 Eho
273 752 308 776 tu
317 771 324 784 ‚
337 743 429 776 emin'
442 756 499 786 ego
513 746 563 775 te?

628 816 647 835 D
656 815 674 835 o
683 816 701 835 R
710 816 729 835 U
738 815 762 834 s.

568 864 685 894 Emisti.

607 935 623 954 P
631 934 649 953 Y
658 935 676 953 τ
684 934 703 952 li
713 935 723 954 1
732 935 752 954 Α
761 935 784 954 s.

688 984 767 1014 Jube
776 1010 783 1022 ‚
797 983 875 1014 mihi
887 983 991 1013 denuit

193 1048 396 1090 Respondeat.

606 1119 622 1137 p
631 1117 650 1136 ιι
661 1118 678 1136 E
688 1118 706 1136 n
716 1118 733 1137 R
743 1117 752 1137 1
763 1118 792 1137 A.

416 1172 507 1211 Roga.

610 1240 626 1259 Ρ
636 1238 652 1258 Y
660 1239 678 1258 T
686 1238 706 1257 Η
715 1239 725 1258 1
736 1240 755 1258 A
763 1238 788 1257 s.

516 1287 664 1319 Venistin'
678 1287 772 1318 hodie
785 1287 825 1317 ad
840 1289 915 1317 uos?
928 1288 1035 1328 Negat.

195 1355 234 1381 At
247 1350 299 1380 ille
312 1350 393 1380 ajter
407 1351 507 1387 venit,
521 1361 621 1379 annos
635 1356 729 1379 natus
741 1347 874 1378 sedecim
883 1373 891 1385 ‚

195 1414 296 1450 Quem
309 1421 413 1441 secum
426 1409 557 1440 adduxit
570 1412 758 1439 Parmeno...

608 1490 624 1508 P
633 1488 653 1507 u
664 1490 680 1508 E
690 1489 710 1508 D
719 1489 737 1508 n
746 1489 756 1508 ι
767 1489 784 1508 Α
791 1501 797 1506 .

761 1537 902 1580 Agedum
912 1563 919 1575 ‚
933 1536 993 1567 hoc
1005 1536 1083 1566 mihi
1096 1534 1206 1576 expedi

197 1602 353 1637 Primhm3
368 1602 458 1632 istam
468 1627 476 1640 ‚
489 1612 586 1644 quam
599 1601 696 1632 habes
705 1626 712 1639 ‚
725 1600 810 1631 unde
823 1600 920 1630 habes
933 1600 1070 1630 vestem?
1082 1599 1198 1629 Taces?

197 1664 376 1693 Monstrum
389 1662 542 1701 hominis,
556 1673 623 1693 non
636 1662 799 1693 dicturus?

632 1734 652 1752 D
661 1734 680 1753 ο
688 1733 707 1752 R
718 1733 737 1752 υ
745 1732 768 1752 s.

807 1781 900 1811 Venit
913 1780 1066 1811 Cherea...
