1294 2149
143 147 200 166 ’,Νη
551 135 735 163 ΛΝΙΠΠΑ.

527 215 765 237 PAMPHILUS.

733 265 781 295 lta
795 264 975 305 praedicaut.

596 343 610 363 s
619 343 630 363 1
640 343 663 363 ,u
671 344 700 363 o.

141 394 189 423 lta
202 392 390 434 praedicant!
407 394 433 421 Ο
446 392 609 433 ingentem
622 390 847 421 confidentiam
859 393 866 420 !

142 453 224 483 Num
237 453 355 494 cogitat
368 451 447 494 quid
461 451 565 481 dicat?
579 452 660 481 Nixm
673 451 749 481 facti
765 450 871 493 piget?

141 516 224 545 Nam
238 515 304 557 ejus
316 514 403 545 color
416 514 545 555 pudoris
558 515 684 555 siguum
696 524 832 555 usquam
845 512 985 544 iudicat?

141 574 259 606 Adeon’
272 576 440 616 impotenti
453 585 517 604 esse
530 574 635 604 auimo
644 597 652 610 ‚
666 579 702 603 ut
715 579 829 614 praeter
840 574 956 603 civium

142 639 264 667 Morem
274 661 281 673 ‚
294 642 391 677 atque
406 635 521 676 legem,
535 640 567 665 et
579 635 627 664 sui
639 633 838 664 voluntatem
851 633 966 674 patris,

143 700 263 727 Tamen
276 696 359 727 hanc
372 695 490 726 habere
503 694 612 736 cupiat
624 705 696 725 cum
708 705 829 725 summo
842 694 977 735 probro!

526 772 770 794 PAMPHHAJS.

144 828 195 856 Me
206 825 371 856 miserum!

599 894 612 913 s
621 894 632 913 1
641 893 664 913 M
673 894 704 913 o.

380 947 474 976 Hem!
488 945 624 976 modbne
638 945 671 975 id
685 944 811 975 demilm
825 944 938 982 sensti,
950 942 1134 985 Pamphile?

146 1005 230 1037 Olim
243 1008 323 1037 istuc
332 1032 339 1045 ,
353 1005 430 1037 olim
440 1031 448 1043 ,
463 1007 535 1037 ciun
547 1007 592 1036 itt‘l
605 1007 745 1036 animum
758 1005 883 1035 induxti
896 1011 987 1035 tuum
996 1030 1004 1043 ‚

146 1067 239 1107 Quod
253 1078 381 1108 cuperes
390 1092 397 1105 ‚
411 1066 518 1109 aliquo
532 1072 623 1107 pacto
637 1065 838 1096 efficiendum
852 1065 926 1101 tibi;

146 1128 262 1159 Eodem
276 1128 325 1158 die
338 1129 417 1158 istuc
429 1128 563 1158 verbum
575 1129 648 1157 vere
661 1128 695 1157 in
708 1134 739 1158 te
753 1126 877 1157 accidit.

146 1190 205 1220 Sed
219 1190 297 1232 quid
309 1191 383 1232 ago?
401 1192 465 1219 Cur
476 1201 526 1220 me
540 1190 703 1220 excrucio?
717 1191 780 1218 Cur
792 1199 841 1218 me
854 1189 998 1218 macero?

147 1251 211 1279 Cur
224 1260 327 1279 meam
340 1254 533 1279 senectutem
547 1247 642 1289 hujus
654 1247 788 1278 sollicito
802 1247 960 1277 amentia?

146 1313 195 1340 An
208 1316 244 1340 ut
258 1321 315 1350 pro
328 1309 423 1350 hujus
436 1310 570 1350 peccatis
583 1319 640 1351 ego
653 1308 845 1350 supplicium
857 1307 1026 1339 sufferam?

146 1371 212 1399 Im«)
226 1369 342 1400 habeat
351 1393 358 1407 ‚
371 1369 492 1421 vaifat,
505 1369 592 1399 vivat
605 1379 678 1399 cum
689 1367 756 1398 illa.

533 1570 550 1589 p
560 1570 578 1589 A
587 1568 610 1588 M
618 1569 636 1589 P
645 1568 665 1588 n
676 1569 686 1588 1
695 1569 711 1587 L
719 1568 739 1587 υ
747 1568 771 1587 s.

775 1617 820 1647 Mi
831 1622 931 1657 pater.

603 1688 616 1705 s
626 1688 633 1706 1
645 1686 668 1706 M
677 1688 705 1707 o.

151 1740 250 1779 Quid,
265 1739 308 1769 mi
322 1740 431 1780 pater?
444 1739 540 1778 Quasi
554 1745 586 1768 tu
602 1737 696 1777 hujus
709 1736 850 1778 indigeas
863 1735 970 1777 patris.

151 1804 284 1838 Domus,
299 1810 387 1835 uxor,
403 1799 493 1830 liberi
509 1798 646 1834 iux-cuti,
663 1799 761 1828 invito
776 1804 864 1838 patre
879 1808 885 1825 2
