1294 2149
185 137 244 154 210
552 127 818 157 EUNUCHUS.

602 209 620 228 c
627 209 649 228 n
657 210 675 229 ε
683 210 702 229 R
711 210 729 229 E
737 210 767 229 A.

819 260 900 288 Tum
913 264 1019 289 autem
1031 257 1172 288 Phedriae

185 319 256 346 Meo
268 316 377 353 fratri,
397 317 518 358 gaudeo
538 328 677 347 amorem
695 327 760 346 esse
779 327 905 347 omnem
923 316 956 346 iu
977 317 1170 359 tranquillo:

230 387 295 406 una
308 383 353 406 est
365 376 485 407 domus.

187 436 281 467 Tha'is
295 437 379 478 patri
393 448 423 467 se
437 436 669 467 commendavit
681 436 716 466 in
729 435 909 466 clientelam
922 443 954 466 et
966 435 1075 467 fidem:

190 497 284 528 Nobis
297 498 385 528 dedit
399 509 440 528 se.

597 570 616 590 Ρ
623 571 641 590 A
651 570 670 590 R
677 570 701 589 M
711 571 728 589 E
736 571 756 590 x
765 571 793 590 0.

455 620 576 650 Fratris
588 620 688 662 igitur
700 619 796 650 Tha'is
808 626 875 650 tota
888 622 952 649 est?

612 690 629 709 c
637 689 658 709 Η
667 691 684 710 E
691 690 710 709 R
718 691 736 709 E
744 691 775 710 Λ.

961 736 1093 768 Scilicet.

598 813 616 832 1>
625 813 645 832 A
653 813 672 832 n
680 812 704 832 M
712 813 729 832 E
737 813 757 832 x
766 814 795 833 0.

194 864 262 891 Jam
276 861 335 892 hoc
349 861 437 892 allud
450 869 495 893 est
509 863 595 905 quod
607 863 814 904 gaudeamus3
828 861 918 893 miles
931 861 1063 903 pellitur
1074 861 1166 891 forus⁴

616 934 633 953 c
641 933 663 953 Η
671 934 688 953 E
696 934 715 953 R
724 934 741 953 E
749 935 767 953 A
773 945 780 952 .

196 983 276 1011 Tum
290 988 340 1019 tu,
355 982 463 1017 frater,
478 982 534 1012 ubi
547 982 602 1013 ubi
616 989 678 1019 est,
693 982 741 1013 fac
752 982 985 1025 quampriml'nn
996 980 1061 1011 haec
1074 980 1192 1011 audiat.

604 1114 800 1135 PARMENO.

950 1161 1055 1191 Visam
1067 1161 1203 1191 domum.

621 1244 639 1262 τ
650 1243 669 1262 11
679 1242 697 1262 R
708 1244 725 1262 A
735 1242 748 1261 s
756 1243 783 1262 ο.

199 1293 359 1334 Numquid
369 1317 376 1329 ‚
398 1296 501 1322 Guato
511 1316 519 1329 ‚
538 1292 665 1322 dubitas
676 1315 684 1327 ‚
705 1293 785 1333 quin
804 1302 861 1333 ego
881 1302 966 1322 nuuc
986 1291 1138 1332 perpetui)
1159 1302 1207 1331 pe-

242 1353 370 1384 rierim‘?

635 1437 654 1456 G
665 1438 681 1456 x
693 1439 711 1456 A
720 1437 737 1456 τ
745 1438 774 1457 υ.

201 1486 271 1515 sine
286 1485 383 1515 dubio
393 1511 399 1523 ,
413 1486 537 1527 opinor.

621 1557 637 1575 e
646 1555 666 1575 n
676 1556 693 1575 ε
702 1556 720 1575 n
730 1557 746 1575 E
756 1557 785 1575 A.

535 1606 618 1646 Quid
631 1617 870 1636 commemorem
883 1606 1018 1647 primiuu
1028 1629 1035 1641 ‚
1049 1611 1103 1635 aut
1117 1616 1209 1646 quem

571 1665 696 1696 laudem
709 1666 862 1696 maximis?

203 1727 351 1764 illumne,
367 1728 422 1768 qui
435 1727 514 1758 mihi
528 1728 616 1758 dedit
629 1727 796 1758 consilium
809 1733 845 1757 ut
858 1727 1008 1760 facerenu
1023 1738 1065 1756 an
1078 1737 1126 1757 me
1136 1751 1143 1760 ,
1155 1726 1210 1767 qui

248 1799 340 1817 :tusus
353 1788 409 1818 sim
