1294 2149
149 86 209 122 204
558 85 743 115 ANDRIA.

146 156 283 187 Adducti
294 158 350 199 qui
362 156 452 188 illam
464 157 565 187 civem
577 156 652 187 hinc
666 156 785 187 dicant.
800 154 929 186 Viceris.

533 352 551 372 P
561 351 580 371 A
588 350 612 371 ,νι
620 351 638 371 Ρ
645 350 666 370 Η
675 350 685 370 1
694 351 711 371 ι,
718 349 739 370 n
747 350 771 370 s.

145 405 248 440 Pater,
262 401 376 432 licetne
389 402 509 443 pauca?

137 452 142 456 ⁸
599 471 613 490 s
621 471 632 491 1
642 470 665 490 M
673 470 703 490 0.

508 521 593 562 Quid
606 521 690 552 dices
703 521 802 552 mihi?

554 593 572 613 c
581 593 602 613 fl
611 593 630 613 n
639 594 656 614 E
664 592 689 613 M
697 593 714 613 E
722 593 746 613 s.
847 575 862 580 Α

144 647 264 675 Tamen
273 670 281 683 ‚
294 644 376 675 Simo
386 669 394 682 ‚
408 644 493 674 audi.

597 714 611 733 s
619 715 630 734 1
639 715 663 734 u
670 714 701 734 o.

497 767 560 806 Ego
574 763 722 795 audiam?
734 764 819 804 Quid
831 764 959 795 audiam
968 790 975 803 ‚

145 825 296 856 Chreme?

553 895 744 916 cunnus&

298 950 447 977 Attamen
460 945 544 976 dicat
557 946 634 976 sine.

599 1018 612 1038 s
621 1019 631 1038 1
639 1017 663 1037 Μ
671 1019 700 1038 o.

646 1071 708 1110 Age
717 1094 725 1108 ‚
739 1068 839 1107 dicat,
852 1069 932 1099 sino.

529 1140 547 1160 ι)
556 1141 576 1160 A
584 1139 608 1160 M
616 1142 634 1161 p
643 1141 662 1160 Π
673 1142 683 1161 1
693 1141 710 1161 L
717 1141 738 1161 U
746 1141 770 1161 s.

143 1195 208 1235 Ego
221 1203 271 1223 me
284 1201 390 1222 amare
404 1190 488 1222 hanc
500 1191 622 1222 fateor:
641 1190 668 1221 si
686 1191 720 1222 id
738 1202 868 1233 peccare
887 1197 948 1228 est,
965 1191 1068 1222 fateor
1079 1192 1113 1222 id

188 1265 327 1296 quoque.

143 1315 232 1353 Tibi,
246 1321 348 1356 pater,
361 1325 409 1345 me
422 1314 521 1345 dedo:
536 1313 614 1356 quid
626 1314 672 1344 vis
685 1314 790 1344 oneris
802 1313 945 1355 impone,
957 1314 1088 1355 impera.

143 1376 197 1406 Vis
214 1386 264 1406 me
283 1386 415 1406 uxorem
433 1375 568 1406 ducere?
587 1378 674 1406 Hanc
694 1376 740 1406 vis
758 1376 924 1406 amittere?
939 1378 984 1406 Ut
1002 1382 1114 1417 potero
1159 1390 1169 1398 ,

188 1436 299 1466 feram.

144 1499 209 1527 Hoc
222 1497 317 1527 modi)
331 1503 362 1527 te
377 1497 523 1536 obsecro,
536 1503 574 1527 ut
586 1508 627 1528 ne
640 1496 748 1528 credas
761 1498 780 1528 ξι
792 1507 842 1527 me
855 1497 1028 1539 allegatum
1041 1496 1126 1528 huuc

187 1568 292 1587 sellem
299 1581 304 1586 .
819 1588 831 1602 ο

145 1617 216 1647 Sine
229 1627 278 1648 me
291 1627 478 1658 expurgem,
492 1623 589 1660 atque
602 1617 693 1648 illum
706 1616 769 1648 hnic
781 1628 888 1648 coram
901 1616 1067 1648 adducam.
