<?xml version="1.0" encoding="UTF-8"?>
<!DOCTYPE html PUBLIC "-//W3C//DTD XHTML 1.0 Transitional//EN"
    "http://www.w3.org/TR/xhtml1/DTD/xhtml1-transitional.dtd">
<html xmlns="http://www.w3.org/1999/xhtml" xml:lang="en" lang="en">
 <head>
  <title>
</title>
<meta http-equiv="Content-Type" content="text/html;charset=utf-8" />
  <meta name='ocr-system' content='tesseract 3.04.00' />
  <meta name='ocr-capabilities' content='ocr_page ocr_carea ocr_par ocr_line ocrx_word'/>
</head>
<body>
  <div class='ocr_page' id='page_1' title='image "./comedies12tere_0442.png"; bbox 0 0 1294 2149; ppageno 0'>
   <div class='ocr_carea' id='block_1_1' title="bbox 192 168 1200 705">
    <p class='ocr_par' dir='ltr' id='par_1_1' title="bbox 202 168 829 203">
     <span class='ocr_line' id='line_1_1' title="bbox 202 168 829 203; baseline 0 -5"><span class='ocrx_word' id='word_1_1' title='bbox 202 168 258 203; x_wconf 64' lang='grc'>,14</span> <span class='ocrx_word' id='word_1_2' title='bbox 567 171 829 200; x_wconf 70' lang='lat' dir='ltr'>EUNUan&#39;s.</span> 
     </span>
    </p>

    <p class='ocr_par' dir='ltr' id='par_1_2' title="bbox 619 251 783 271">
     <span class='ocr_line' id='line_1_2' title="bbox 619 251 783 271; baseline -0.006 -1"><span class='ocrx_word' id='word_1_3' title='bbox 619 251 635 270; x_wconf 88' lang='lat' dir='ltr'>c</span> <span class='ocrx_word' id='word_1_4' title='bbox 646 251 665 270; x_wconf 82' lang='lat' dir='ltr'>n</span> <span class='ocrx_word' id='word_1_5' title='bbox 675 253 691 270; x_wconf 81' lang='lat' dir='ltr'>E</span> <span class='ocrx_word' id='word_1_6' title='bbox 701 252 718 271; x_wconf 70' lang='lat' dir='ltr'>a</span> <span class='ocrx_word' id='word_1_7' title='bbox 728 252 745 270; x_wconf 83' lang='lat' dir='ltr'>E</span> <span class='ocrx_word' id='word_1_8' title='bbox 754 253 783 271; x_wconf 74' lang='lat' dir='ltr'>A.</span> 
     </span>
    </p>

    <p class='ocr_par' dir='ltr' id='par_1_3' title="bbox 608 300 1200 454">
     <span class='ocr_line' id='line_1_3' title="bbox 810 300 898 330; baseline -0.011 0"><span class='ocrx_word' id='word_1_9' title='bbox 810 300 898 330; x_wconf 83' lang='lat' dir='ltr'><strong>Mihi.</strong></span> 
     </span>
     <span class='ocr_line' id='line_1_4' title="bbox 608 371 791 391; baseline 0 -1"><span class='ocrx_word' id='word_1_10' title='bbox 608 374 626 390; x_wconf 74' lang='lat' dir='ltr'>A</span> <span class='ocrx_word' id='word_1_11' title='bbox 635 371 652 389; x_wconf 66' lang='lat' dir='ltr'>x</span> <span class='ocrx_word' id='word_1_12' title='bbox 661 372 679 390; x_wconf 89' lang='lat' dir='ltr'>·r</span> <span class='ocrx_word' id='word_1_13' title='bbox 689 372 698 390; x_wconf 92' lang='lat'><em>1</em></span> <span class='ocrx_word' id='word_1_14' title='bbox 708 373 725 391; x_wconf 71' lang='lat' dir='ltr'>p</span> <span class='ocrx_word' id='word_1_15' title='bbox 735 372 754 391; x_wconf 76' lang='grc' dir='ltr'><strong>Η</strong></span> <span class='ocrx_word' id='word_1_16' title='bbox 764 371 791 391; x_wconf 93' lang='lat' dir='ltr'>o.</span> 
     </span>
     <span class='ocr_line' id='line_1_5' title="bbox 909 424 1200 454; baseline 0 -1"><span class='ocrx_word' id='word_1_17' title='bbox 909 424 988 453; x_wconf 71' lang='lat' dir='ltr'>Satis</span> <span class='ocrx_word' id='word_1_18' title='bbox 1002 425 1070 454; x_wconf 63' lang='lat' dir='ltr'>tuti)</span> <span class='ocrx_word' id='word_1_19' title='bbox 1085 430 1200 454; x_wconf 81' lang='lat' dir='ltr'>tamen.</span> 
     </span>
    </p>

    <p class='ocr_par' dir='ltr' id='par_1_4' title="bbox 612 493 778 513">
     <span class='ocr_line' id='line_1_6' title="bbox 612 493 778 513; baseline -0.006 -1"><span class='ocrx_word' id='word_1_20' title='bbox 612 493 628 512; x_wconf 88' lang='lat' dir='ltr'><strong>c</strong></span> <span class='ocrx_word' id='word_1_21' title='bbox 638 493 658 512; x_wconf 79' lang='lat' dir='ltr'>fl</span> <span class='ocrx_word' id='word_1_22' title='bbox 670 494 686 512; x_wconf 74' lang='grc' dir='ltr'>Ε</span> <span class='ocrx_word' id='word_1_23' title='bbox 695 495 712 513; x_wconf 71' lang='grc' dir='ltr'>κ</span> <span class='ocrx_word' id='word_1_24' title='bbox 722 495 740 513; x_wconf 80' lang='lat' dir='ltr'>E</span> <span class='ocrx_word' id='word_1_25' title='bbox 749 494 778 513; x_wconf 75' lang='lat' dir='ltr'>A.</span> 
     </span>
    </p>

    <p class='ocr_par' dir='ltr' id='par_1_5' title="bbox 193 543 1174 644">
     <span class='ocr_line' id='line_1_7' title="bbox 193 543 1174 585; baseline 0.002 -12"><span class='ocrx_word' id='word_1_26' title='bbox 193 544 292 574; x_wconf 85' lang='lat' dir='ltr'>Edicit</span> <span class='ocrx_word' id='word_1_27' title='bbox 306 555 344 573; x_wconf 85' lang='lat' dir='ltr'>ne</span> <span class='ocrx_word' id='word_1_28' title='bbox 358 545 407 573; x_wconf 67' lang='lat' dir='ltr'>vir</span> <span class='ocrx_word' id='word_1_29' title='bbox 420 544 589 585; x_wconf 60' lang='lat' dir='ltr'>quisquam</span> <span class='ocrx_word' id='word_1_30' title='bbox 601 543 642 573; x_wconf 77' lang='lat' dir='ltr'>ad</span> <span class='ocrx_word' id='word_1_31' title='bbox 656 554 726 573; x_wconf 78' lang='lat' dir='ltr'>eam</span> <span class='ocrx_word' id='word_1_32' title='bbox 738 543 846 574; x_wconf 78' lang='lat' dir='ltr'>adeat:</span> <span class='ocrx_word' id='word_1_33' title='bbox 861 550 893 574; x_wconf 83' lang='lat' dir='ltr'>et</span> <span class='ocrx_word' id='word_1_34' title='bbox 905 544 998 582; x_wconf 85' lang='lat' dir='ltr'>mihi,</span> <span class='ocrx_word' id='word_1_35' title='bbox 1014 556 1053 575; x_wconf 78' lang='lat' dir='ltr'>ue</span> <span class='ocrx_word' id='word_1_36' title='bbox 1067 544 1174 575; x_wconf 80' lang='lat' dir='ltr'>absce-</span> 
     </span>
     <span class='ocr_line' id='line_1_8' title="bbox 237 603 493 644; baseline -0.008 -10"><span class='ocrx_word' id='word_1_37' title='bbox 237 603 311 634; x_wconf 82' lang='lat' dir='ltr'>dam</span> <span class='ocrx_word' id='word_1_38' title='bbox 320 629 327 641; x_wconf 93' lang='lat'>‚</span> <span class='ocrx_word' id='word_1_39' title='bbox 341 605 475 644; x_wconf 77' lang='lat' dir='ltr'>imperat</span> <span class='ocrx_word' id='word_1_40' title='bbox 487 615 493 632; x_wconf 87' lang='lat'>:</span> 
     </span>
    </p>

    <p class='ocr_par' dir='ltr' id='par_1_6' title="bbox 192 664 1118 705">
     <span class='ocr_line' id='line_1_9' title="bbox 192 664 1118 705; baseline 0.001 -11"><span class='ocrx_word' id='word_1_41' title='bbox 192 667 227 694; x_wconf 91' lang='lat' dir='ltr'>In</span> <span class='ocrx_word' id='word_1_42' title='bbox 241 664 390 694; x_wconf 82' lang='lat' dir='ltr'>interiore</span> <span class='ocrx_word' id='word_1_43' title='bbox 404 670 493 705; x_wconf 83' lang='lat' dir='ltr'>parte</span> <span class='ocrx_word' id='word_1_44' title='bbox 507 670 542 694; x_wconf 91' lang='lat' dir='ltr'>ut</span> <span class='ocrx_word' id='word_1_45' title='bbox 555 674 702 694; x_wconf 76' lang='lat' dir='ltr'>maneam</span> <span class='ocrx_word' id='word_1_46' title='bbox 715 664 799 694; x_wconf 77' lang='lat' dir='ltr'>solus</span> <span class='ocrx_word' id='word_1_47' title='bbox 813 675 884 694; x_wconf 79' lang='lat' dir='ltr'>cun]</span> <span class='ocrx_word' id='word_1_48' title='bbox 897 665 980 694; x_wconf 61' lang='lat' dir='ltr'>solil:</span> <span class='ocrx_word' id='word_1_49' title='bbox 994 676 1101 695; x_wconf 81' lang='lat' dir='ltr'>annuo</span> <span class='ocrx_word' id='word_1_50' title='bbox 1111 691 1118 702; x_wconf 87' lang='lat'>,</span> 
     </span>
    </p>
   </div>
   <div class='ocr_carea' id='block_1_2' title="bbox 191 724 622 755">
    <p class='ocr_par' dir='ltr' id='par_1_7' title="bbox 191 724 622 755">
     <span class='ocr_line' id='line_1_10' title="bbox 191 724 622 755; baseline 0 -1"><span class='ocrx_word' id='word_1_51' title='bbox 191 728 321 755; x_wconf 72' lang='lat' dir='ltr'>Terram</span> <span class='ocrx_word' id='word_1_52' title='bbox 335 725 461 755; x_wconf 73' lang='lat' dir='ltr'>intuens</span> <span class='ocrx_word' id='word_1_53' title='bbox 473 724 612 755; x_wconf 66' lang='lat' dir='ltr'>modesti?</span> <span class='ocrx_word' id='word_1_54' title='bbox 617 748 622 753; x_wconf 84' lang='lat'><em>.</em></span> 
     </span>
    </p>
   </div>
   <div class='ocr_carea' id='block_1_3' title="bbox 605 863 788 883">
    <p class='ocr_par' dir='ltr' id='par_1_8' title="bbox 605 863 788 883">
     <span class='ocr_line' id='line_1_11' title="bbox 605 863 788 883; baseline 0.005 -1"><span class='ocrx_word' id='word_1_55' title='bbox 605 863 788 883; x_wconf 77' lang='lat' dir='ltr'>ANTlpno-</span> 
     </span>
    </p>
   </div>
   <div class='ocr_carea' id='block_1_4' title="bbox 608 914 716 944">
    <p class='ocr_par' dir='ltr' id='par_1_9' title="bbox 608 914 716 944">
     <span class='ocr_line' id='line_1_12' title="bbox 608 914 716 944; baseline -0.009 -1"><span class='ocrx_word' id='word_1_56' title='bbox 608 914 716 944; x_wconf 84' lang='lat' dir='ltr'>Miser!</span> 
     </span>
    </p>
   </div>
   <div class='ocr_carea' id='block_1_5' title="bbox 185 995 1189 1871">
    <p class='ocr_par' dir='ltr' id='par_1_10' title="bbox 567 995 1124 1087">
     <span class='ocr_line' id='line_1_13' title="bbox 616 995 780 1015; baseline 0.006 -1"><span class='ocrx_word' id='word_1_57' title='bbox 616 995 632 1014; x_wconf 92' lang='lat' dir='ltr'>c</span> <span class='ocrx_word' id='word_1_58' title='bbox 643 995 663 1014; x_wconf 75' lang='grc' dir='ltr'>Η</span> <span class='ocrx_word' id='word_1_59' title='bbox 672 995 689 1014; x_wconf 75' lang='grc' dir='ltr'>Ε</span> <span class='ocrx_word' id='word_1_60' title='bbox 698 995 716 1015; x_wconf 76' lang='lat' dir='ltr'>n</span> <span class='ocrx_word' id='word_1_61' title='bbox 725 995 742 1014; x_wconf 80' lang='lat' dir='ltr'>E</span> <span class='ocrx_word' id='word_1_62' title='bbox 751 997 780 1015; x_wconf 78' lang='lat' dir='ltr'>A·</span> 
     </span>
     <span class='ocr_line' id='line_1_14' title="bbox 567 1044 1124 1087; baseline 0 -13"><span class='ocrx_word' id='word_1_63' title='bbox 567 1048 630 1086; x_wconf 82' lang='lat' dir='ltr'>Ego</span> <span class='ocrx_word' id='word_1_64' title='bbox 641 1070 648 1083; x_wconf 85' lang='lat'>‚</span> <span class='ocrx_word' id='word_1_65' title='bbox 661 1045 765 1087; x_wconf 78' lang='lat' dir='ltr'>inquit</span> <span class='ocrx_word' id='word_1_66' title='bbox 774 1070 782 1082; x_wconf 81' lang='lat'><em>‚</em></span> <span class='ocrx_word' id='word_1_67' title='bbox 796 1045 836 1074; x_wconf 86' lang='lat' dir='ltr'>ad</span> <span class='ocrx_word' id='word_1_68' title='bbox 849 1055 971 1075; x_wconf 70' lang='lat' dir='ltr'>effluam</span> <span class='ocrx_word' id='word_1_69' title='bbox 984 1044 1057 1075; x_wconf 85' lang='lat' dir='ltr'>hine</span> <span class='ocrx_word' id='word_1_70' title='bbox 1071 1055 1107 1075; x_wconf 79' lang='lat' dir='ltr'>eo</span> <span class='ocrx_word' id='word_1_71' title='bbox 1119 1056 1124 1073; x_wconf 90' lang='lat'>:</span> 
     </span>
    </p>

    <p class='ocr_par' dir='ltr' id='par_1_11' title="bbox 190 1104 1188 1203">
     <span class='ocr_line' id='line_1_15' title="bbox 190 1104 1188 1147; baseline -0.001 -12"><span class='ocrx_word' id='word_1_72' title='bbox 190 1105 326 1135; x_wconf 81' lang='lat' dir='ltr'>Abducit</span> <span class='ocrx_word' id='word_1_73' title='bbox 339 1115 444 1135; x_wconf 87' lang='lat' dir='ltr'>secum</span> <span class='ocrx_word' id='word_1_74' title='bbox 458 1104 605 1136; x_wconf 84' lang='lat' dir='ltr'>ancillas:</span> <span class='ocrx_word' id='word_1_75' title='bbox 620 1116 726 1146; x_wconf 80' lang='lat' dir='ltr'>paucae</span> <span class='ocrx_word' id='word_1_76' title='bbox 735 1130 742 1143; x_wconf 88' lang='lat'>‚</span> <span class='ocrx_word' id='word_1_77' title='bbox 757 1115 826 1147; x_wconf 84' lang='lat' dir='ltr'>quae</span> <span class='ocrx_word' id='word_1_78' title='bbox 839 1105 957 1135; x_wconf 85' lang='lat' dir='ltr'>circum</span> <span class='ocrx_word' id='word_1_79' title='bbox 970 1104 1058 1134; x_wconf 87' lang='lat' dir='ltr'>illam</span> <span class='ocrx_word' id='word_1_80' title='bbox 1070 1110 1172 1135; x_wconf 83' lang='lat' dir='ltr'><strong>essent</strong></span> <span class='ocrx_word' id='word_1_81' title='bbox 1181 1129 1188 1142; x_wconf 86' lang='lat'>‚</span> 
     </span>
     <span class='ocr_line' id='line_1_16' title="bbox 234 1171 382 1203; baseline 0.007 -9"><span class='ocrx_word' id='word_1_82' title='bbox 234 1171 382 1203; x_wconf 86' lang='lat' dir='ltr'>manent,</span> 
     </span>
    </p>

    <p class='ocr_par' dir='ltr' id='par_1_12' title="bbox 189 1225 1059 1268">
     <span class='ocr_line' id='line_1_17' title="bbox 189 1225 1059 1268; baseline -0.001 -12"><span class='ocrx_word' id='word_1_83' title='bbox 189 1226 320 1256; x_wconf 77' lang='lat' dir='ltr'>Novitiae</span> <span class='ocrx_word' id='word_1_84' title='bbox 333 1225 455 1268; x_wconf 83' lang='lat' dir='ltr'>puellae.</span> <span class='ocrx_word' id='word_1_85' title='bbox 471 1226 630 1256; x_wconf 60' lang='lat' dir='ltr'>Cominus&gt;</span> <span class='ocrx_word' id='word_1_86' title='bbox 643 1226 708 1256; x_wconf 88' lang='lat' dir='ltr'>haec</span> <span class='ocrx_word' id='word_1_87' title='bbox 721 1226 896 1264; x_wconf 84' lang='lat' dir='ltr'>adornant,</span> <span class='ocrx_word' id='word_1_88' title='bbox 908 1231 945 1255; x_wconf 90' lang='lat' dir='ltr'>ut</span> <span class='ocrx_word' id='word_1_89' title='bbox 958 1225 1059 1256; x_wconf 79' lang='lat' dir='ltr'>lavet:</span> 
     </span>
    </p>

    <p class='ocr_par' dir='ltr' id='par_1_13' title="bbox 186 1285 1146 1386">
     <span class='ocr_line' id='line_1_18' title="bbox 186 1285 1146 1329; baseline -0.002 -11"><span class='ocrx_word' id='word_1_90' title='bbox 186 1287 353 1319; x_wconf 81' lang='lat' dir='ltr'><strong>Adhortor</strong></span> <span class='ocrx_word' id='word_1_91' title='bbox 366 1294 554 1329; x_wconf 85' lang='lat' dir='ltr'>properent:</span> <span class='ocrx_word' id='word_1_92' title='bbox 569 1287 646 1317; x_wconf 67' lang='grc' dir='ltr'><strong>(ΗΠΒ</strong></span> <span class='ocrx_word' id='word_1_93' title='bbox 658 1293 844 1328; x_wconf 67' lang='lat' dir='ltr'><strong>appas-atur,</strong></span> <span class='ocrx_word' id='word_1_94' title='bbox 857 1286 944 1328; x_wconf 73' lang='lat' dir='ltr'>virgo</span> <span class='ocrx_word' id='word_1_95' title='bbox 958 1287 992 1316; x_wconf 87' lang='lat' dir='ltr'>iu</span> <span class='ocrx_word' id='word_1_96' title='bbox 1004 1285 1146 1316; x_wconf 76' lang='lat' dir='ltr'>conclavi</span> 
     </span>
     <span class='ocr_line' id='line_1_19' title="bbox 233 1347 336 1386; baseline 0 -8"><span class='ocrx_word' id='word_1_97' title='bbox 233 1347 336 1386; x_wconf 80' lang='lat' dir='ltr'><strong>sedet,</strong></span> 
     </span>
    </p>

    <p class='ocr_par' dir='ltr' id='par_1_14' title="bbox 189 1407 1174 1500">
     <span class='ocr_line' id='line_1_20' title="bbox 189 1407 1174 1451; baseline -0.001 -13"><span class='ocrx_word' id='word_1_98' title='bbox 189 1410 376 1449; x_wconf 83' lang='lat' dir='ltr'>Suspectans</span> <span class='ocrx_word' id='word_1_99' title='bbox 388 1408 533 1439; x_wconf 85' lang='lat' dir='ltr'>tabulam</span> <span class='ocrx_word' id='word_1_100' title='bbox 546 1407 708 1451; x_wconf 80' lang='lat' dir='ltr'>quandum</span> <span class='ocrx_word' id='word_1_101' title='bbox 721 1408 852 1450; x_wconf 80' lang='lat' dir='ltr'>pictam,</span> <span class='ocrx_word' id='word_1_102' title='bbox 865 1408 921 1439; x_wconf 86' lang='lat' dir='ltr'>ubi</span> <span class='ocrx_word' id='word_1_103' title='bbox 934 1409 1037 1439; x_wconf 84' lang='lat' dir='ltr'>iuerat</span> <span class='ocrx_word' id='word_1_104' title='bbox 1051 1408 1174 1448; x_wconf 83' lang='lat' dir='ltr'>pictura</span> 
     </span>
     <span class='ocr_line' id='line_1_21' title="bbox 233 1468 419 1500; baseline 0.005 -2"><span class='ocrx_word' id='word_1_105' title='bbox 233 1468 298 1499; x_wconf 80' lang='lat' dir='ltr'>haec</span> <span class='ocrx_word' id='word_1_106' title='bbox 310 1472 419 1500; x_wconf 72' lang='lat' dir='ltr'>Jovem</span> 
     </span>
    </p>

    <p class='ocr_par' dir='ltr' id='par_1_15' title="bbox 189 1528 1189 1620">
     <span class='ocr_line' id='line_1_22' title="bbox 189 1528 1189 1572; baseline 0 -14"><span class='ocrx_word' id='word_1_107' title='bbox 189 1530 259 1568; x_wconf 77' lang='lat' dir='ltr'>Quo</span> <span class='ocrx_word' id='word_1_108' title='bbox 274 1535 364 1569; x_wconf 83' lang='lat' dir='ltr'>pacto</span> <span class='ocrx_word' id='word_1_109' title='bbox 379 1532 495 1560; x_wconf 81' lang='lat' dir='ltr'>Danaae</span> <span class='ocrx_word' id='word_1_110' title='bbox 507 1530 624 1561; x_wconf 81' lang='lat' dir='ltr'>misisse</span> <span class='ocrx_word' id='word_1_111' title='bbox 638 1531 728 1560; x_wconf 83' lang='lat' dir='ltr'>aiunt</span> <span class='ocrx_word' id='word_1_112' title='bbox 742 1529 906 1572; x_wconf 82' lang='lat' dir='ltr'>quondam</span> <span class='ocrx_word' id='word_1_113' title='bbox 918 1529 952 1560; x_wconf 89' lang='lat' dir='ltr'>in</span> <span class='ocrx_word' id='word_1_114' title='bbox 964 1529 1118 1571; x_wconf 82' lang='lat' dir='ltr'>gremium</span> <span class='ocrx_word' id='word_1_115' title='bbox 1130 1528 1189 1559; x_wconf 87' lang='lat' dir='ltr'>im-</span> 
     </span>
     <span class='ocr_line' id='line_1_23' title="bbox 232 1588 475 1620; baseline 0.004 -2"><span class='ocrx_word' id='word_1_116' title='bbox 232 1588 320 1620; x_wconf 83' lang='lat' dir='ltr'>brem</span> <span class='ocrx_word' id='word_1_117' title='bbox 333 1600 475 1620; x_wconf 84' lang='lat' dir='ltr'>aureum.</span> 
     </span>
    </p>

    <p class='ocr_par' dir='ltr' id='par_1_16' title="bbox 188 1649 1169 1741">
     <span class='ocr_line' id='line_1_24' title="bbox 188 1649 1169 1693; baseline 0.001 -14"><span class='ocrx_word' id='word_1_118' title='bbox 188 1652 318 1691; x_wconf 79' lang='lat' dir='ltr'><strong>Egomet</strong></span> <span class='ocrx_word' id='word_1_119' title='bbox 331 1661 459 1693; x_wconf 77' lang='lat' dir='ltr'>quoque</span> <span class='ocrx_word' id='word_1_120' title='bbox 473 1651 505 1682; x_wconf 85' lang='lat' dir='ltr'>id</span> <span class='ocrx_word' id='word_1_121' title='bbox 519 1658 659 1693; x_wconf 84' lang='lat' dir='ltr'>spectare</span> <span class='ocrx_word' id='word_1_122' title='bbox 674 1652 768 1693; x_wconf 81' lang='lat' dir='ltr'>coepi:</span> <span class='ocrx_word' id='word_1_123' title='bbox 784 1657 815 1682; x_wconf 89' lang='lat' dir='ltr'>et</span> <span class='ocrx_word' id='word_1_124' title='bbox 828 1651 904 1693; x_wconf 76' lang='lat' dir='ltr'>quia</span> <span class='ocrx_word' id='word_1_125' title='bbox 916 1650 1110 1681; x_wconf 70' lang='lat' dir='ltr'>consimilem</span> <span class='ocrx_word' id='word_1_126' title='bbox 1123 1649 1169 1680; x_wconf 87' lang='lat' dir='ltr'>lu-</span> 
     </span>
     <span class='ocr_line' id='line_1_25' title="bbox 230 1718 314 1741; baseline 0 0"><span class='ocrx_word' id='word_1_127' title='bbox 230 1718 314 1741; x_wconf 82' lang='lat' dir='ltr'>serat</span> 
     </span>
    </p>

    <p class='ocr_par' dir='ltr' id='par_1_17' title="bbox 185 1772 1151 1871">
     <span class='ocr_line' id='line_1_26' title="bbox 185 1772 1151 1817; baseline 0 -15"><span class='ocrx_word' id='word_1_128' title='bbox 185 1775 256 1803; x_wconf 70' lang='lat' dir='ltr'>,lam</span> <span class='ocrx_word' id='word_1_129' title='bbox 270 1772 346 1804; x_wconf 89' lang='lat' dir='ltr'>olim</span> <span class='ocrx_word' id='word_1_130' title='bbox 359 1773 410 1804; x_wconf 85' lang='lat' dir='ltr'>ille</span> <span class='ocrx_word' id='word_1_131' title='bbox 425 1773 537 1805; x_wconf 75' lang='lat' dir='ltr'>iudum</span> <span class='ocrx_word' id='word_1_132' title='bbox 547 1800 554 1811; x_wconf 91' lang='lat'>,</span> <span class='ocrx_word' id='word_1_133' title='bbox 570 1775 729 1815; x_wconf 64' lang='lat' dir='ltr'>impendii»</span> <span class='ocrx_word' id='word_1_134' title='bbox 743 1777 842 1817; x_wconf 81' lang='lat' dir='ltr'>magis</span> <span class='ocrx_word' id='word_1_135' title='bbox 856 1776 982 1806; x_wconf 82' lang='lat' dir='ltr'>animus</span> <span class='ocrx_word' id='word_1_136' title='bbox 994 1773 1151 1817; x_wconf 73' lang='lat' dir='ltr'>gaudebat</span> 
     </span>
     <span class='ocr_line' id='line_1_27' title="bbox 228 1833 320 1871; baseline -0.022 -7"><span class='ocrx_word' id='word_1_137' title='bbox 228 1833 305 1864; x_wconf 79' lang='lat' dir='ltr'>mihi</span> <span class='ocrx_word' id='word_1_138' title='bbox 313 1859 320 1871; x_wconf 79' lang='lat'>‚</span> 
     </span>
    </p>
   </div>
  </div>
 </body>
</html>
