1294 2149
143 155 202 184 208
556 157 741 186 ANDRIA.

551 238 742 259 CHREMES.

143 289 297 320 Andrium
311 299 367 331 ego
381 289 545 319 Critonem
558 288 670 319 video?
684 292 721 319 Et
734 291 818 320 certe
831 291 856 320 is
869 296 925 320 est.

587 420 605 438 c
613 419 631 439 R
641 420 650 439 1
659 420 677 439 τ
684 419 714 440 ο.
741 424 743 426 ·

777 469 885 500 Salvus
897 471 937 500 sis
945 494 953 508 ‚
966 468 1111 500 Chreme.

555 539 746 560 CHREME&

148 591 231 631 Quid
244 597 280 622 tu
292 591 432 622 Athenas
445 590 605 622 insolens?

589 671 608 690 c
616 671 635 691 R
645 672 654 691 1
665 672 685 690 τ
693 671 722 690 ο.

609 720 732 751 Evenit.
747 720 806 751 Sed
818 719 943 751 hiccine
955 726 1002 751 est
1013 720 1110 751 Simo?

560 792 749 813 canent&

150 842 206 872 Hic
218 848 274 872 est.

606 913 620 933 s
629 914 639 934 1
647 913 672 933 M
679 914 708 934 o.

205 965 298 993 Mene
311 963 443 1005 quaeris'?
456 963 523 994 Eho
531 987 539 1000 ‚
554 969 591 993 tu
603 962 786 1006 Glycerium
798 962 874 994 hinc
886 963 987 994 civem
999 974 1063 994 esse
1075 964 1140 994 ms?

595 1104 612 1123 c
622 1104 639 1124 R
649 1104 659 1124 1
667 1105 686 1124 T
693 1104 722 1124 o.

154 1156 200 1184 Tu
215 1154 327 1196 negas?

610 1225 624 1244 s
632 1224 641 1244 ι
651 1224 674 1244 Μ
681 1224 710 1244 ο.

329 1276 418 1305 ltime
430 1273 493 1305 huc
505 1280 635 1316 paratus
647 1274 797 1305 advenis?

595 1344 612 1363 c
621 1345 639 1364 n
649 1345 658 1364 1
670 1344 690 1363 τ
697 1345 725 1365 0.

816 1393 885 1432 Quzi
898 1392 937 1423 de
949 1394 1003 1423 re?

611 1470 624 1490 s
632 1471 642 1490 1
653 1470 675 1490 M
684 1469 713 1488 0.

1016 1520 1136 1561 Rogas?

157 1584 246 1612 Tune
263 1582 394 1623 impune
412 1581 476 1612 haec
495 1581 610 1612 facias?
628 1583 718 1612 Tune
737 1579 790 1612 hic
809 1580 952 1611 homines
971 1579 1149 1610 adolescen-

203 1643 286 1674 tulos

158 1704 324 1746 Imperitos
335 1716 444 1736 rerum
453 1729 460 1742 ‚
474 1705 603 1736 eductos
617 1703 717 1735 libere
725 1727 734 1742 ‚
747 1703 783 1734 in
794 1703 940 1734 fraudem
952 1702 1061 1733 illicis?

158 1765 364 1798 Sollicitando
377 1773 409 1797 et
422 1765 630 1808 pollicitando
644 1776 755 1796 eorum
767 1765 888 1797 animos
901 1764 1016 1796 lactas?
