1294 2149
181 88 223 125 93
557 92 818 122 EUNUCHUS.

605 172 766 194 THRAso.

180 218 263 258 Quid
276 218 334 249 tihi
349 230 404 261 ego
418 220 519 251 multa
533 221 654 252 dicam?
667 224 795 254 Domini
808 224 916 256 similis
929 236 970 256 es.

615 353 633 372 G
642 353 752 375 NATo.

177 402 240 439 Ha,
255 400 312 440 ha,
326 401 390 432 hae!

599 472 618 490 T
628 472 648 490 H
657 472 677 491 R
687 473 706 492 A
714 473 763 493 so.

397 520 481 560 Quid
492 520 597 551 rides?

612 592 659 612 GN
668 593 749 613 A'ro.

593 645 676 673 Istuc
690 643 777 686 quod
790 643 869 674 dixti
881 646 991 677 modb:

174 703 212 730 Et
226 700 305 730 illud
318 700 357 730 de
370 700 492 731 Rhodio
505 701 626 733 dictum
638 704 672 733 iu
684 710 824 734 mentem
837 706 933 736 venit.

174 762 232 791 Sed
245 761 340 792 Tha'is
355 763 427 792 exit.

598 844 616 862 T
625 843 647 863 Η
655 843 675 863 R
683 845 702 864 A
711 844 724 864 s
731 844 760 864 o.

439 893 514 932 Abi,
528 904 683 935 praecurre
693 920 700 933 ,
713 901 750 925 ut
761 896 825 926 siut
837 895 923 926 domi

172 955 295 983 Parata.

608 1026 627 1045 G
635 1026 655 1045 N
663 1027 683 1046 A
691 1027 710 1046 T
717 1027 744 1047 0.

305 1076 384 1106 Fiat.

612 1148 630 1167 T
638 1147 659 1167 H
669 1139 705 1167 A'l'
713 1148 736 1168 s.

391 1198 575 1239 Diligenter,
588 1199 734 1241 Pythias,

173 1261 233 1288 Fac
247 1269 352 1297 cures,
366 1259 391 1289 si
405 1259 552 1289 Chremes
564 1258 627 1289 hixc
642 1260 722 1289 forts}
736 1260 918 1299 advenerit,

176 1321 215 1348 Ut
229 1330 297 1349 ores
306 1345 314 1356 ‚
329 1319 465 1359 primsnu
478 1325 514 1348 ut
528 1325 670 1348 maneat:
684 1319 711 1348 si
724 1318 755 1348 id
769 1330 835 1349 nou
848 1320 1049 1352 commodum
1063 1328 1124 1361 est,

175 1381 215 1408 L’t
229 1379 353 1409 redcat:
368 1379 394 1409 si
406 1379 437 1409 id
452 1389 516 1409 non
530 1378 662 1419 poterit,
676 1378 716 1408 ad
729 1389 778 1408 me
791 1378 948 1410 adducito.

588 1449 605 1469 Ρ
614 1449 631 1468 Y
639 1449 657 1468 T
666 1448 687 1468 H
696 1449 705 1468 1
717 1449 734 1468 A
744 1449 767 1468 s.

170 1502 215 1530 Ita
231 1500 352 1530 faciam.

611 1572 630 1590 T
639 1571 658 1590 n
669 1571 687 1591 A
695 1562 735 1590 is.

372 1620 473 1660 Quid?
487 1620 564 1662 quid
577 1620 665 1650 uliud
677 1620 763 1650 volui
775 1620 897 1650 dicere?

173 1681 268 1711 Ehem
278 1706 285 1719 ,
300 1687 407 1711 curate
424 1681 515 1710 istam
528 1680 697 1722 diligenter
710 1681 873 1722 virginem.

171 1742 260 1772 Domi
273 1741 395 1778 adsitis,
410 1740 511 1771 Facito,
