<?xml version="1.0" encoding="UTF-8"?>
<!DOCTYPE html PUBLIC "-//W3C//DTD XHTML 1.0 Transitional//EN"
    "http://www.w3.org/TR/xhtml1/DTD/xhtml1-transitional.dtd">
<html xmlns="http://www.w3.org/1999/xhtml" xml:lang="en" lang="en">
 <head>
  <title>
</title>
<meta http-equiv="Content-Type" content="text/html;charset=utf-8" />
  <meta name='ocr-system' content='tesseract 3.04.00' />
  <meta name='ocr-capabilities' content='ocr_page ocr_carea ocr_par ocr_line ocrx_word'/>
</head>
<body>
  <div class='ocr_page' id='page_1' title='image "./comedies12tere_0112.png"; bbox 0 0 1294 2149; ppageno 0'>
   <div class='ocr_carea' id='block_1_1' title="bbox 160 109 756 138">
    <p class='ocr_par' dir='ltr' id='par_1_1' title="bbox 160 109 756 138">
     <span class='ocr_line' id='line_1_1' title="bbox 160 109 756 138; baseline 0.002 -1"><span class='ocrx_word' id='word_1_1' title='bbox 160 109 199 138; x_wconf 76' lang='lat'>53</span> <span class='ocrx_word' id='word_1_2' title='bbox 570 110 756 138; x_wconf 78' lang='lat' dir='ltr'>AND-RlA.</span> 
     </span>
    </p>
   </div>
   <div class='ocr_carea' id='block_1_2' title="bbox 156 190 1141 463">
    <p class='ocr_par' dir='ltr' id='par_1_2' title="bbox 156 190 1141 463">
     <span class='ocr_line' id='line_1_2' title="bbox 553 190 769 212; baseline 0 -2"><span class='ocrx_word' id='word_1_3' title='bbox 553 191 570 210; x_wconf 93' lang='lat' dir='ltr'>c</span> <span class='ocrx_word' id='word_1_4' title='bbox 579 190 600 210; x_wconf 81' lang='lat' dir='ltr'><strong>n</strong></span> <span class='ocrx_word' id='word_1_5' title='bbox 608 192 628 211; x_wconf 78' lang='lat' dir='ltr'>A</span> <span class='ocrx_word' id='word_1_6' title='bbox 636 192 655 211; x_wconf 76' lang='lat' dir='ltr'>n</span> <span class='ocrx_word' id='word_1_7' title='bbox 665 192 674 211; x_wconf 83' lang='lat'>1</span> <span class='ocrx_word' id='word_1_8' title='bbox 687 191 708 211; x_wconf 81' lang='lat' dir='ltr'>N</span> <span class='ocrx_word' id='word_1_9' title='bbox 717 191 737 212; x_wconf 83' lang='lat' dir='ltr'>u</span> <span class='ocrx_word' id='word_1_10' title='bbox 746 192 769 211; x_wconf 89' lang='lat' dir='ltr'>s.</span> 
     </span>
     <span class='ocr_line' id='line_1_3' title="bbox 158 240 1121 282; baseline 0.003 -12"><span class='ocrx_word' id='word_1_11' title='bbox 158 244 262 282; x_wconf 87' lang='lat' dir='ltr'>Ipsum</span> <span class='ocrx_word' id='word_1_12' title='bbox 275 240 360 270; x_wconf 88' lang='lat' dir='ltr'>huuc</span> <span class='ocrx_word' id='word_1_13' title='bbox 374 241 472 271; x_wconf 89' lang='lat' dir='ltr'>orabo</span> <span class='ocrx_word' id='word_1_14' title='bbox 483 266 491 279; x_wconf 89' lang='lat'><em>‚</em></span> <span class='ocrx_word' id='word_1_15' title='bbox 504 240 579 271; x_wconf 86' lang='lat' dir='ltr'>huic</span> <span class='ocrx_word' id='word_1_16' title='bbox 593 241 791 282; x_wconf 75' lang='lat' dir='ltr'><strong>supplicabo,</strong></span> <span class='ocrx_word' id='word_1_17' title='bbox 811 253 949 273; x_wconf 85' lang='lat' dir='ltr'>amorem</span> <span class='ocrx_word' id='word_1_18' title='bbox 962 243 1035 273; x_wconf 86' lang='lat' dir='ltr'>huic</span> <span class='ocrx_word' id='word_1_19' title='bbox 1049 253 1121 273; x_wconf 80' lang='lat' dir='ltr'>nar-</span> 
     </span>
     <span class='ocr_line' id='line_1_4' title="bbox 201 300 419 331; baseline -0.005 -1"><span class='ocrx_word' id='word_1_20' title='bbox 201 300 279 331; x_wconf 81' lang='lat' dir='ltr'>rabo</span> <span class='ocrx_word' id='word_1_21' title='bbox 292 311 399 330; x_wconf 87' lang='lat' dir='ltr'>meum</span> <span class='ocrx_word' id='word_1_22' title='bbox 412 311 419 329; x_wconf 78' lang='lat' dir='ltr'><em>z</em></span> 
     </span>
     <span class='ocr_line' id='line_1_5' title="bbox 157 359 1141 403; baseline 0.002 -14"><span class='ocrx_word' id='word_1_23' title='bbox 157 359 258 390; x_wconf 89' lang='lat' dir='ltr'>Credo</span> <span class='ocrx_word' id='word_1_24' title='bbox 267 385 276 398; x_wconf 88' lang='lat'>‚</span> <span class='ocrx_word' id='word_1_25' title='bbox 288 360 465 401; x_wconf 84' lang='lat' dir='ltr'>impetrabo</span> <span class='ocrx_word' id='word_1_26' title='bbox 474 384 482 397; x_wconf 88' lang='lat'><strong><em>‚</em></strong></span> <span class='ocrx_word' id='word_1_27' title='bbox 495 365 532 390; x_wconf 85' lang='lat' dir='ltr'>ut</span> <span class='ocrx_word' id='word_1_28' title='bbox 545 360 669 402; x_wconf 82' lang='lat' dir='ltr'>aliquot</span> <span class='ocrx_word' id='word_1_29' title='bbox 682 360 794 391; x_wconf 87' lang='lat' dir='ltr'><strong>saltem</strong></span> <span class='ocrx_word' id='word_1_30' title='bbox 808 361 927 403; x_wconf 85' lang='lat' dir='ltr'>nuptiis</span> <span class='ocrx_word' id='word_1_31' title='bbox 939 362 1055 403; x_wconf 88' lang='lat' dir='ltr'>prodat</span> <span class='ocrx_word' id='word_1_32' title='bbox 1065 362 1141 393; x_wconf 80' lang='lat' dir='ltr'>dies.</span> 
     </span>
     <span class='ocr_line' id='line_1_6' title="bbox 156 420 613 463; baseline 0 -12"><span class='ocrx_word' id='word_1_33' title='bbox 156 422 282 451; x_wconf 66' lang='lat' dir='ltr'>Interez&#39;i</span> <span class='ocrx_word' id='word_1_34' title='bbox 294 420 347 452; x_wconf 82' lang='lat' dir='ltr'>fiet</span> <span class='ocrx_word' id='word_1_35' title='bbox 359 420 481 463; x_wconf 73' lang='lat' dir='ltr'>aliquid</span> <span class='ocrx_word' id='word_1_36' title='bbox 490 444 498 458; x_wconf 92' lang='lat'><strong>,</strong></span> <span class='ocrx_word' id='word_1_37' title='bbox 513 431 613 463; x_wconf 83' lang='lat' dir='ltr'>spero.</span> 
     </span>
    </p>
   </div>
   <div class='ocr_carea' id='block_1_3' title="bbox 159 557 1146 958">
    <p class='ocr_par' dir='ltr' id='par_1_3' title="bbox 159 557 1146 958">
     <span class='ocr_line' id='line_1_7' title="bbox 566 557 756 578; baseline -0.005 -1"><span class='ocrx_word' id='word_1_38' title='bbox 566 557 583 577; x_wconf 76' lang='lat' dir='ltr'>B</span> <span class='ocrx_word' id='word_1_39' title='bbox 591 557 610 577; x_wconf 78' lang='lat' dir='ltr'>Y</span> <span class='ocrx_word' id='word_1_40' title='bbox 619 557 637 578; x_wconf 79' lang='lat' dir='ltr'>R</span> <span class='ocrx_word' id='word_1_41' title='bbox 645 558 664 578; x_wconf 76' lang='lat' dir='ltr'>n</span> <span class='ocrx_word' id='word_1_42' title='bbox 675 557 695 577; x_wconf 81' lang='grc' dir='ltr'><strong>Η</strong></span> <span class='ocrx_word' id='word_1_43' title='bbox 706 557 716 577; x_wconf 88' lang='lat'>1</span> <span class='ocrx_word' id='word_1_44' title='bbox 726 558 756 577; x_wconf 76' lang='lat' dir='ltr'>A.</span> 
     </span>
     <span class='ocr_line' id='line_1_8' title="bbox 619 606 952 649; baseline 0 -13"><span class='ocrx_word' id='word_1_45' title='bbox 619 606 654 637; x_wconf 89' lang='lat' dir='ltr'>ld</span> <span class='ocrx_word' id='word_1_46' title='bbox 667 607 789 649; x_wconf 82' lang='lat' dir='ltr'>aliquid</span> <span class='ocrx_word' id='word_1_47' title='bbox 803 607 883 638; x_wconf 85' lang='lat' dir='ltr'><strong>nihil</strong></span> <span class='ocrx_word' id='word_1_48' title='bbox 897 614 952 638; x_wconf 87' lang='lat' dir='ltr'>est.</span> 
     </span>
     <span class='ocr_line' id='line_1_9' title="bbox 557 677 772 698; baseline 0.005 -2"><span class='ocrx_word' id='word_1_49' title='bbox 557 677 574 696; x_wconf 90' lang='lat' dir='ltr'>c</span> <span class='ocrx_word' id='word_1_50' title='bbox 583 677 603 696; x_wconf 80' lang='lat' dir='ltr'>H</span> <span class='ocrx_word' id='word_1_51' title='bbox 614 677 633 697; x_wconf 79' lang='lat' dir='ltr'>A</span> <span class='ocrx_word' id='word_1_52' title='bbox 642 677 661 697; x_wconf 79' lang='lat' dir='ltr'>R</span> <span class='ocrx_word' id='word_1_53' title='bbox 670 677 680 697; x_wconf 96' lang='lat'>1</span> <span class='ocrx_word' id='word_1_54' title='bbox 690 677 711 697; x_wconf 72' lang='lat' dir='ltr'>x</span> <span class='ocrx_word' id='word_1_55' title='bbox 719 677 739 697; x_wconf 78' lang='lat' dir='ltr'>U</span> <span class='ocrx_word' id='word_1_56' title='bbox 748 677 772 698; x_wconf 80' lang='lat' dir='ltr'>S.</span> 
     </span>
     <span class='ocr_line' id='line_1_10' title="bbox 970 728 1121 770; baseline 0 -11"><span class='ocrx_word' id='word_1_57' title='bbox 970 728 1104 770; x_wconf 78' lang='lat' dir='ltr'>Byrrhia&#39;</span> <span class='ocrx_word' id='word_1_58' title='bbox 1113 753 1121 765; x_wconf 85' lang='lat'><em>,</em></span> 
     </span>
     <span class='ocr_line' id='line_1_11' title="bbox 159 787 760 828; baseline -0.002 -9"><span class='ocrx_word' id='word_1_59' title='bbox 159 788 242 828; x_wconf 82' lang='lat' dir='ltr'><strong>Quid</strong></span> <span class='ocrx_word' id='word_1_60' title='bbox 257 788 314 819; x_wconf 84' lang='lat' dir='ltr'>tibi</span> <span class='ocrx_word' id='word_1_61' title='bbox 326 788 470 819; x_wconf 87' lang='lat' dir='ltr'>videtur?</span> <span class='ocrx_word' id='word_1_62' title='bbox 485 787 601 819; x_wconf 82' lang='lat' dir='ltr'>Adeon&#39;</span> <span class='ocrx_word' id='word_1_63' title='bbox 615 788 656 819; x_wconf 84' lang='lat' dir='ltr'>ad</span> <span class='ocrx_word' id='word_1_64' title='bbox 668 790 760 819; x_wconf 78' lang='lat' dir='ltr'><strong>eum?</strong></span> 
     </span>
     <span class='ocr_line' id='line_1_12' title="bbox 567 866 755 887; baseline -0.005 0"><span class='ocrx_word' id='word_1_65' title='bbox 567 867 584 887; x_wconf 75' lang='grc' dir='ltr'><strong>Β</strong></span> <span class='ocrx_word' id='word_1_66' title='bbox 592 867 611 887; x_wconf 77' lang='lat' dir='ltr'>Y</span> <span class='ocrx_word' id='word_1_67' title='bbox 620 868 638 887; x_wconf 78' lang='lat' dir='ltr'>R</span> <span class='ocrx_word' id='word_1_68' title='bbox 647 868 665 887; x_wconf 73' lang='lat' dir='ltr'>n</span> <span class='ocrx_word' id='word_1_69' title='bbox 675 866 695 886; x_wconf 81' lang='lat' dir='ltr'><strong><em>H</em></strong></span> <span class='ocrx_word' id='word_1_70' title='bbox 704 868 715 887; x_wconf 90' lang='lat'>1</span> <span class='ocrx_word' id='word_1_71' title='bbox 725 867 755 887; x_wconf 73' lang='lat' dir='ltr'>A.</span> 
     </span>
     <span class='ocr_line' id='line_1_13' title="bbox 694 916 1146 958; baseline 0.002 -12"><span class='ocrx_word' id='word_1_72' title='bbox 694 916 831 957; x_wconf 81' lang='lat' dir='ltr'>Quidni?</span> <span class='ocrx_word' id='word_1_73' title='bbox 845 916 875 946; x_wconf 86' lang='lat' dir='ltr'>Si</span> <span class='ocrx_word' id='word_1_74' title='bbox 889 916 969 947; x_wconf 86' lang='lat' dir='ltr'>nihil</span> <span class='ocrx_word' id='word_1_75' title='bbox 982 917 1128 958; x_wconf 82' lang='lat' dir='ltr'><strong>impetres</strong></span> <span class='ocrx_word' id='word_1_76' title='bbox 1137 942 1146 955; x_wconf 93' lang='lat'>,</span> 
     </span>
    </p>
   </div>
   <div class='ocr_carea' id='block_1_4' title="bbox 160 978 1143 1020">
    <p class='ocr_par' dir='ltr' id='par_1_4' title="bbox 160 978 1143 1020">
     <span class='ocr_line' id='line_1_14' title="bbox 160 978 1143 1020; baseline 0 -13"><span class='ocrx_word' id='word_1_77' title='bbox 160 981 203 1008; x_wconf 69' lang='lat' dir='ltr'>Ut</span> <span class='ocrx_word' id='word_1_78' title='bbox 217 984 246 1008; x_wconf 80' lang='lat' dir='ltr'>te</span> <span class='ocrx_word' id='word_1_79' title='bbox 260 978 436 1009; x_wconf 78' lang='lat' dir='ltr'>arbitretur</span> <span class='ocrx_word' id='word_1_80' title='bbox 449 978 508 1008; x_wconf 88' lang='lat' dir='ltr'>sibi</span> <span class='ocrx_word' id='word_1_81' title='bbox 521 984 669 1020; x_wconf 84' lang='lat' dir='ltr'><strong>paratum</strong></span> <span class='ocrx_word' id='word_1_82' title='bbox 681 978 837 1009; x_wconf 86' lang='lat' dir='ltr'><strong>moechum</strong></span> <span class='ocrx_word' id='word_1_83' title='bbox 847 1004 854 1016; x_wconf 89' lang='lat'>,</span> <span class='ocrx_word' id='word_1_84' title='bbox 871 979 897 1008; x_wconf 90' lang='lat' dir='ltr'>si</span> <span class='ocrx_word' id='word_1_85' title='bbox 908 978 995 1008; x_wconf 87' lang='lat' dir='ltr'>illam</span> <span class='ocrx_word' id='word_1_86' title='bbox 1008 978 1143 1008; x_wconf 79' lang='lat' dir='ltr'>duxerit.</span> 
     </span>
    </p>
   </div>
   <div class='ocr_carea' id='block_1_5' title="bbox 161 1109 1125 1746">
    <p class='ocr_par' dir='ltr' id='par_1_5' title="bbox 560 1109 771 1129">
     <span class='ocr_line' id='line_1_15' title="bbox 560 1109 771 1129; baseline -0.009 0"><span class='ocrx_word' id='word_1_87' title='bbox 560 1109 577 1129; x_wconf 91' lang='lat' dir='ltr'><strong>c</strong></span> <span class='ocrx_word' id='word_1_88' title='bbox 585 1109 605 1128; x_wconf 75' lang='lat' dir='ltr'><strong>n</strong></span> <span class='ocrx_word' id='word_1_89' title='bbox 616 1110 634 1129; x_wconf 78' lang='lat' dir='ltr'>A</span> <span class='ocrx_word' id='word_1_90' title='bbox 643 1109 662 1129; x_wconf 74' lang='lat' dir='ltr'>n</span> <span class='ocrx_word' id='word_1_91' title='bbox 672 1109 681 1128; x_wconf 92' lang='lat'>1</span> <span class='ocrx_word' id='word_1_92' title='bbox 691 1110 710 1129; x_wconf 73' lang='lat' dir='ltr'>x</span> <span class='ocrx_word' id='word_1_93' title='bbox 720 1109 739 1129; x_wconf 78' lang='lat' dir='ltr'>u</span> <span class='ocrx_word' id='word_1_94' title='bbox 748 1109 771 1127; x_wconf 88' lang='lat' dir='ltr'>s.</span> 
     </span>
    </p>

    <p class='ocr_par' dir='ltr' id='par_1_6' title="bbox 162 1157 1104 1199">
     <span class='ocr_line' id='line_1_16' title="bbox 162 1157 1104 1199; baseline -0.001 -11"><span class='ocrx_word' id='word_1_95' title='bbox 162 1157 249 1189; x_wconf 81' lang='lat' dir='ltr'>Abiu&#39;</span> <span class='ocrx_word' id='word_1_96' title='bbox 262 1158 337 1189; x_wconf 87' lang='lat' dir='ltr'>hinc</span> <span class='ocrx_word' id='word_1_97' title='bbox 351 1159 385 1189; x_wconf 90' lang='lat' dir='ltr'>in</span> <span class='ocrx_word' id='word_1_98' title='bbox 398 1158 513 1189; x_wconf 86' lang='lat' dir='ltr'><strong>malam</strong></span> <span class='ocrx_word' id='word_1_99' title='bbox 527 1170 593 1189; x_wconf 82' lang='lat' dir='ltr'>rem</span> <span class='ocrx_word' id='word_1_100' title='bbox 607 1169 679 1188; x_wconf 88' lang='lat' dir='ltr'>cum</span> <span class='ocrx_word' id='word_1_101' title='bbox 691 1158 868 1199; x_wconf 82' lang='lat' dir='ltr'>suspicione</span> <span class='ocrx_word' id='word_1_102' title='bbox 881 1159 973 1195; x_wconf 76' lang='lat' dir='ltr'>istac,</span> <span class='ocrx_word' id='word_1_103' title='bbox 988 1157 1086 1188; x_wconf 82' lang='lat' dir='ltr'>scelus</span> <span class='ocrx_word' id='word_1_104' title='bbox 1098 1159 1104 1187; x_wconf 70' lang='lat'>3</span> 
     </span>
    </p>

    <p class='ocr_par' dir='ltr' id='par_1_7' title="bbox 161 1228 785 1309">
     <span class='ocr_line' id='line_1_17' title="bbox 543 1228 785 1249; baseline -0.004 0"><span class='ocrx_word' id='word_1_105' title='bbox 543 1229 560 1249; x_wconf 73' lang='grc' dir='ltr'>ι)</span> <span class='ocrx_word' id='word_1_106' title='bbox 570 1230 588 1249; x_wconf 80' lang='lat' dir='ltr'>A</span> <span class='ocrx_word' id='word_1_107' title='bbox 597 1228 621 1248; x_wconf 72' lang='lat' dir='ltr'>M</span> <span class='ocrx_word' id='word_1_108' title='bbox 629 1229 646 1248; x_wconf 79' lang='lat' dir='ltr'>P</span> <span class='ocrx_word' id='word_1_109' title='bbox 657 1228 677 1248; x_wconf 75' lang='grc' dir='ltr'><strong>Η</strong></span> <span class='ocrx_word' id='word_1_110' title='bbox 687 1228 698 1248; x_wconf 88' lang='lat'><em>1</em></span> <span class='ocrx_word' id='word_1_111' title='bbox 707 1230 725 1249; x_wconf 86' lang='lat' dir='ltr'>L</span> <span class='ocrx_word' id='word_1_112' title='bbox 732 1229 752 1248; x_wconf 83' lang='lat' dir='ltr'>U</span> <span class='ocrx_word' id='word_1_113' title='bbox 761 1229 785 1248; x_wconf 85' lang='lat' dir='ltr'>s.</span> 
     </span>
     <span class='ocr_line' id='line_1_18' title="bbox 161 1276 566 1309; baseline -0.005 -1"><span class='ocrx_word' id='word_1_114' title='bbox 161 1277 335 1309; x_wconf 85' lang='lat' dir='ltr'>Charinum</span> <span class='ocrx_word' id='word_1_115' title='bbox 348 1277 450 1308; x_wconf 73' lang='lat' dir='ltr'>video.</span> <span class='ocrx_word' id='word_1_116' title='bbox 465 1276 566 1308; x_wconf 80' lang='lat' dir='ltr'>Salve.</span> 
     </span>
    </p>

    <p class='ocr_par' dir='ltr' id='par_1_8' title="bbox 554 1353 774 1373">
     <span class='ocr_line' id='line_1_19' title="bbox 554 1353 774 1373; baseline -0.005 0"><span class='ocrx_word' id='word_1_117' title='bbox 554 1353 572 1373; x_wconf 87' lang='lat' dir='ltr'><strong>c</strong></span> <span class='ocrx_word' id='word_1_118' title='bbox 582 1354 602 1373; x_wconf 73' lang='grc' dir='ltr'>Η</span> <span class='ocrx_word' id='word_1_119' title='bbox 613 1353 632 1373; x_wconf 84' lang='grc' dir='ltr'><strong>Α</strong></span> <span class='ocrx_word' id='word_1_120' title='bbox 640 1353 659 1373; x_wconf 80' lang='lat' dir='ltr'>R</span> <span class='ocrx_word' id='word_1_121' title='bbox 669 1353 678 1373; x_wconf 91' lang='lat'>1</span> <span class='ocrx_word' id='word_1_122' title='bbox 691 1353 711 1373; x_wconf 74' lang='lat' dir='ltr'>N</span> <span class='ocrx_word' id='word_1_123' title='bbox 720 1353 741 1373; x_wconf 82' lang='lat' dir='ltr'>U</span> <span class='ocrx_word' id='word_1_124' title='bbox 750 1353 774 1372; x_wconf 90' lang='lat' dir='ltr'>s.</span> 
     </span>
    </p>

    <p class='ocr_par' dir='ltr' id='par_1_9' title="bbox 163 1400 1125 1564">
     <span class='ocr_line' id='line_1_20' title="bbox 577 1400 906 1443; baseline -0.006 -10"><span class='ocrx_word' id='word_1_125' title='bbox 577 1405 603 1433; x_wconf 91' lang='lat' dir='ltr'>O</span> <span class='ocrx_word' id='word_1_126' title='bbox 618 1401 719 1440; x_wconf 71' lang='lat' dir='ltr'>salve,</span> <span class='ocrx_word' id='word_1_127' title='bbox 731 1400 906 1443; x_wconf 82' lang='lat' dir='ltr'>Pamphile.</span> 
     </span>
     <span class='ocr_line' id='line_1_21' title="bbox 163 1460 1125 1503; baseline -0.002 -11"><span class='ocrx_word' id='word_1_128' title='bbox 163 1462 208 1492; x_wconf 78' lang='lat' dir='ltr'>Ad</span> <span class='ocrx_word' id='word_1_129' title='bbox 222 1468 252 1492; x_wconf 81' lang='lat' dir='ltr'>te</span> <span class='ocrx_word' id='word_1_130' title='bbox 265 1461 397 1493; x_wconf 72' lang='lat' dir='ltr'>advenio</span> <span class='ocrx_word' id='word_1_131' title='bbox 407 1488 414 1501; x_wconf 90' lang='lat'>,</span> <span class='ocrx_word' id='word_1_132' title='bbox 428 1472 514 1503; x_wconf 81' lang='lat' dir='ltr'><strong>spem</strong></span> <span class='ocrx_word' id='word_1_133' title='bbox 523 1487 531 1500; x_wconf 86' lang='lat'>,</span> <span class='ocrx_word' id='word_1_134' title='bbox 545 1461 678 1492; x_wconf 80' lang='lat' dir='ltr'>salutem</span> <span class='ocrx_word' id='word_1_135' title='bbox 688 1486 695 1498; x_wconf 95' lang='lat'>‚</span> <span class='ocrx_word' id='word_1_136' title='bbox 711 1460 864 1492; x_wconf 80' lang='lat' dir='ltr'>auxilium</span> <span class='ocrx_word' id='word_1_137' title='bbox 872 1485 880 1499; x_wconf 93' lang='lat'><em>,</em></span> <span class='ocrx_word' id='word_1_138' title='bbox 895 1460 1060 1492; x_wconf 85' lang='lat' dir='ltr'>consilium</span> <span class='ocrx_word' id='word_1_139' title='bbox 1074 1471 1125 1490; x_wconf 89' lang='lat' dir='ltr'>ex-</span> 
     </span>
     <span class='ocr_line' id='line_1_22' title="bbox 206 1530 324 1564; baseline 0 -11"><span class='ocrx_word' id='word_1_140' title='bbox 206 1530 324 1564; x_wconf 84' lang='lat' dir='ltr'><strong>petens.</strong></span> 
     </span>
    </p>

    <p class='ocr_par' dir='ltr' id='par_1_10' title="bbox 163 1594 1100 1746">
     <span class='ocr_line' id='line_1_23' title="bbox 544 1594 784 1615; baseline -0.013 0"><span class='ocrx_word' id='word_1_141' title='bbox 544 1594 677 1615; x_wconf 72' lang='lat' dir='ltr'>PAMPH</span> <span class='ocrx_word' id='word_1_142' title='bbox 688 1594 784 1614; x_wconf 67' lang='lat' dir='ltr'>inus.</span> 
     </span>
     <span class='ocr_line' id='line_1_24' title="bbox 163 1642 1100 1687; baseline -0.003 -13"><span class='ocrx_word' id='word_1_143' title='bbox 163 1648 269 1687; x_wconf 75' lang='lat' dir='ltr'><strong>Neque</strong></span> <span class='ocrx_word' id='word_1_144' title='bbox 283 1645 334 1686; x_wconf 83' lang='lat' dir='ltr'>pol</span> <span class='ocrx_word' id='word_1_145' title='bbox 348 1644 469 1675; x_wconf 75' lang='lat' dir='ltr'>consilii</span> <span class='ocrx_word' id='word_1_146' title='bbox 484 1644 586 1674; x_wconf 84' lang='lat' dir='ltr'>locum</span> <span class='ocrx_word' id='word_1_147' title='bbox 601 1644 702 1674; x_wconf 77' lang='lat' dir='ltr'>habeo</span> <span class='ocrx_word' id='word_1_148' title='bbox 714 1670 718 1679; x_wconf 92' lang='grc'><strong>,</strong></span> <span class='ocrx_word' id='word_1_149' title='bbox 733 1654 835 1685; x_wconf 80' lang='lat' dir='ltr'>neque</span> <span class='ocrx_word' id='word_1_150' title='bbox 849 1642 957 1673; x_wconf 82' lang='lat' dir='ltr'>auxilii</span> <span class='ocrx_word' id='word_1_151' title='bbox 970 1642 1100 1684; x_wconf 81' lang='lat' dir='ltr'>copiam.</span> 
     </span>
     <span class='ocr_line' id='line_1_25' title="bbox 163 1703 558 1746; baseline -0.003 -12"><span class='ocrx_word' id='word_1_152' title='bbox 163 1704 218 1734; x_wconf 70' lang='lat' dir='ltr'>Sed</span> <span class='ocrx_word' id='word_1_153' title='bbox 234 1704 312 1734; x_wconf 75' lang='lat' dir='ltr'>istuc</span> <span class='ocrx_word' id='word_1_154' title='bbox 326 1703 479 1746; x_wconf 77' lang='lat' dir='ltr'>quidnam</span> <span class='ocrx_word' id='word_1_155' title='bbox 493 1705 558 1746; x_wconf 55' lang='lat' dir='ltr'>esi?</span> 
     </span>
    </p>
   </div>
  </div>
 </body>
</html>
