1294 2149
246 175 260 192 2
266 174 284 192 ο
290 174 304 192 2
612 165 635 192 E
642 164 670 191 U
679 164 703 191 N
713 164 739 191 U
746 165 770 192 C
779 164 805 191 H
812 164 838 191 U
848 165 875 190 5.

243 233 320 273 Quis
333 233 427 263 homo
441 244 498 274 pru
511 232 632 263 moecho
644 235 788 274 unquflm
800 231 880 262 vidit
894 233 928 261 in
940 231 1034 262 domo
1053 232 1230 262 meretricia

243 292 401 323 Prehendi
415 293 625 334 quemquam?

654 362 671 381 p
680 361 698 380 Y
706 362 725 380 T
733 361 754 380 n
764 361 774 381 1
785 362 804 381 A
813 362 837 380 s.

637 411 756 440 Nescio.

650 481 667 500 Ρ
675 482 694 501 Α
703 481 721 500 R
730 482 753 501 ,π
762 481 779 500 E
787 482 806 500 N
816 482 845 501 o.

735 534 791 566 At,
807 541 845 560 ne
859 529 919 561 hoc
932 531 1091 567 nesciatis,
1105 530 1252 572 Pythias:

242 592 335 628 Dico,
350 592 437 622 edico
452 592 555 628 vobis,
570 598 713 622 nostrum
728 602 792 621 esse
805 590 896 622 illum
910 590 1041 622 herilem
1055 590 1165 621 filium.

655 722 672 741 P
682 720 699 740 Y
708 721 726 740 T
736 721 756 740 Η
767 721 776 741 1
786 722 805 740 A
813 722 836 740 s.

1159 774 1236 801 Hem
1244 794 1252 806 ,

243 833 395 869 Obsecro,
410 844 450 863 an
464 833 488 862 is
502 834 566 862 est?

650 911 668 930 p
676 912 696 930 A
705 911 722 930 n
732 911 754 930 Μ
764 911 780 930 E
788 911 807 930 x
817 911 846 930 0.

574 963 618 990 Ne
632 971 728 1002 quam
741 961 774 990 in
788 959 879 989 illum
893 959 989 989 Thais
1001 960 1066 990 vim
1078 959 1146 990 fieri
1158 961 1250 990 sinat.

246 1028 350 1066 Atque
364 1023 441 1053 adei)
455 1029 561 1053 autem
573 1033 630 1052 cur
643 1033 709 1052 uon
722 1028 844 1063 egomet
857 1022 942 1051 iatri)
957 1023 1013 1051 eo?

654 1150 835 1171 PYTfliA&

965 1201 1042 1231 Vide
1051 1225 1059 1238 ‚
1073 1203 1225 1231 Parmeno
1235 1227 1243 1235 ,

241 1264 327 1304 Quid
345 1274 435 1305 agas,
455 1273 494 1292 ue
513 1272 617 1304 neque
635 1261 682 1293 illi
702 1262 818 1302 prosis,
839 1268 871 1292 et
889 1268 925 1291 tu
944 1272 1069 1303 pereas;
1090 1272 1164 1292 uam
1182 1261 1242 1292 hoc

286 1331 418 1366 putant,

241 1385 406 1428 Quidquid
419 1384 537 1415 factum
551 1390 613 1421 est,
628 1394 665 1414 ex
678 1389 709 1413 te
722 1393 786 1413 esse
799 1388 914 1412 ortum.

658 1464 855 1484 PARMENO.

1247 1514 1254 1526 )

808 1512 893 1552 Quid
905 1512 1003 1553 igitur
1016 1510 1128 1541 faciam
1140 1511 1248 1541 miseri

240 1575 362 1615 Quidve
373 1576 540 1616 incipiam?
551 1577 626 1605 Ecce
637 1580 743 1604 autem
753 1572 844 1602 video
856 1583 930 1603 rure
940 1571 1125 1602 redeuntem
1135 1581 1250 1600 senem.

240 1638 347 1666 Dicam
359 1636 435 1666 huie
444 1661 451 1673 ,
466 1648 507 1667 an
521 1637 606 1666 non?
619 1636 726 1666 Dicam
739 1634 861 1671 herolia,
875 1634 932 1664 etsi
942 1633 1017 1664 mihi
1030 1644 1179 1675 magnum
1189 1643 1251 1663 mu-

285 1698 349 1729 hun

240 1760 306 1789 Scio
323 1766 477 1800 paratum.
494 1759 551 1790 Sed
566 1770 688 1789 necesse
701 1765 762 1794 est,
778 1758 851 1788 huic
865 1763 898 1787 ut
912 1757 1087 1787 subveniat.
