1294 2149
189 92 228 128 48
559 91 820 121 EUNUCHUS.

621 163 640 191 'G
648 172 669 192 N
678 173 697 191 A
705 172 723 191 τ
731 172 759 192 ο.

871 220 930 250 Sed
943 230 1000 262 ego
1013 230 1098 250 cesso

189 281 237 312 Ad
249 280 405 312 Thaidem
417 280 501 310 hanc
514 279 668 310 deducere
676 305 684 318 ,
698 286 731 310 et
744 280 881 322 rogitare
894 279 935 310 ad
948 290 1069 310 coeuam
1080 285 1116 309 ut

232 342 358 372 veniat?

189 402 248 432 Sed
260 405 490 432 Parmenonem
502 406 575 430 ante
589 400 704 430 ostium
716 399 846 430 Thaidis
858 400 981 430 tristem
991 399 1082 430 video
1091 425 1099 438 ‚

189 463 304 493 Rivalis
314 472 439 492 servum
448 474 456 497 3
465 460 551 491 salva
562 471 611 491 res
621 466 667 490 est
677 471 684 489 z
696 460 848 490 nimiriun
858 460 911 490 hie
921 460 1064 491 homines
1071 459 1198 502 frigent.

189 521 388 552 Nebulonem
402 521 488 551 hunc
502 527 623 551 certum
636 526 682 550 est
696 519 813 550 ludere.

596 592 615 611 P
623 592 643 611 A
652 591 671 611 R
678 590 703 610 M
711 592 728 611 E
736 592 756 611 x
765 592 794 612 o.

702 642 775 672 Hice
788 641 849 672 hoc
861 652 992 672 munere
1005 641 1203 672 arbitrantur

192 707 285 734 Suam
298 702 453 733 Thaidem
465 713 540 733 esse.

624 772 643 793 G
651 773 672 793 x
681 774 701 793 A
708 774 727 792 T
733 774 762 793 o.

545 822 686 853 Plurima
699 820 800 852 salute
813 823 1044 852 Parmenonem

194 888 355 916 Summum
366 895 460 916 suum
471 883 614 925 impertit
628 884 742 912 Gnato.
758 881 842 921 Quid
855 882 980 924 agitur?

596 953 615 972 P
624 953 643 973 A
652 953 672 973 R
680 952 705 972 M
713 953 730 972 Ε
738 953 757 972 N
767 953 797 973 o.

986 1005 1102 1032 statur.

628 1075 648 1095 G
656 1076 676 1096 x
689 1076 708 1096 A
715 1076 734 1095 ‘r
741 1076 770 1096 o.

1085 1121 1192 1152 Video.

195 1191 277 1218 Num
291 1187 444 1230 quidnam
457 1186 527 1225 hic,
540 1185 628 1230 quod
640 1184 721 1216 nolis
730 1210 738 1223 ‚
751 1183 856 1215 vides?

602 1262 620 1282 P
628 1262 647 1282 A
657 1261 677 1282 R
683 1260 709 1281 M
716 1261 734 1281 E
741 1261 762 1282 N
770 1261 800 1282 ο.

810 1314 865 1341 Te.

628 1384 647 1404 G
655 1384 676 1404 N
686 1385 706 1404 A
713 1384 731 1403 T
738 1384 768 1404 0.

747 1432 867 1463 Credo:
883 1437 916 1462 at
930 1429 1088 1474 numquid
1101 1428 1210 1460 aliud?

604 1505 623 1525 P
631 1505 651 1524 A
660 1505 678 1525 n
686 1504 711 1524 M
718 1505 736 1524 Ε
745 1505 764 1524 x
773 1505 802 1525 o.

198 1558 260 1596 Qui
275 1556 371 1586 dum?

634 1624 653 1643 G
662 1625 682 1646 N
692 1625 711 1646 Α
719 1626 737 1645 τ
745 1625 773 1645 ο.

376 1674 456 1713 Quia
474 1674 571 1704 tristis
586 1684 626 1704 es.
