1294 2149
207 88 214 105 ι
224 87 262 115 92
571 82 593 109 E
602 81 629 109 U
637 81 662 109 N
670 81 698 109 U
707 83 730 111 C
739 83 765 110 H
773 82 800 110 U
808 83 837 111 S.

623 159 641 180 c
649 159 670 179 Η
678 161 696 180 Ε
706 160 724 180 n
733 160 751 181 Ε
760 161 790 181 A.

200 206 235 236 ld
249 207 363 248 ipsum.

616 280 634 299 p
642 279 660 299 Y
668 280 686 299 τ
697 280 717 299 11
728 280 738 299 1
748 281 767 299 A
775 280 799 299 s.

376 327 411 358 Id
424 328 545 369 ipsum?
558 329 652 370 Virgo
666 330 776 359 vero...

637 400 656 418 T
664 399 684 418 a
694 390 731 419 A'l'
739 399 764 419 s.

785 451 797 478 1
811 460 874 490 prae
884 473 891 486 ,
906 460 1032 492 sequor.

201 509 248 537 Tu
262 506 329 538 istic
342 518 434 538 mane
445 530 452 543 ,
466 513 503 537 ut
516 507 680 539 Chremem
695 508 894 547 introducas,
909 510 1048 552 Pythias.

524 645 758 719 SGENA
793 670 892 718 ΠΙ.

326 788 542 823 PYTHIAS,
567 789 803 823 CHREMES,
828 789 1086 818 SOPHRQNA.

617 935 634 955 Ρ
643 932 661 953 Y
669 935 688 954 ‘r
697 935 717 954 H
727 935 737 954 1
747 936 766 954 A
775 935 800 954 s.

201 983 304 1024 Quid?
317 984 395 1026 quid
409 985 516 1015 venire
532 985 565 1014 in
578 992 715 1015 mentem
728 996 814 1015 nunc
829 985 925 1026 possit
938 984 1036 1016 mihi?

202 1043 380 1084 Quidnam?
393 1046 454 1084 Qui
469 1044 602 1074 referam
615 1044 766 1085 sacrilego
780 1044 828 1074 illi
840 1044 973 1087 gratiam
982 1069 990 1082 ,

201 1103 265 1143 Qui
278 1103 364 1134 huuc
378 1104 543 1145 supposuit
557 1103 668 1134 nobis?

610 1183 804 1205 cnneuns

677 1238 769 1266 Move
783 1236 858 1267 verb
871 1236 958 1267 ocisis

201 1298 261 1332 Te,
277 1295 396 1326 nutrix.

595 1369 608 1388 s
617 1369 635 1389 o
644 1369 660 1389 Ρ
669 1368 690 1388 Η
700 1369 719 1389 R
727 1369 745 1389 o
753 1368 773 1388 Ν
783 1369 813 1389 Δ.

421 1421 544 1450 Moveo.

615 1499 806 1520 cunnus&

554 1549 652 1580 Video
661 1573 669 1586 ,
683 1549 738 1580 sed
751 1548 797 1580 nil
811 1559 985 1591 promoves.

614 1626 631 1645 P
640 1625 659 1644 Y
668 1626 686 1645 T
696 1625 715 1645 n
728 1626 736 1646 1
747 1627 765 1645 A
776 1626 799 1644 s.

200 1677 310 1706 Janme
325 1675 489 1706 ostendisti
504 1677 591 1715 signa
607 1676 743 1707 nutrici?
