1294 2149
185 128 240 157 182
586 129 772 157 ANDRIA.

626 209 752 230 MYSls.

556 259 664 290 Salvus
677 261 733 298 sis,
747 261 845 290 Crito.

626 339 671 358 cn
680 339 716 358 ιτ
725 339 754 359 ο.

181 386 257 418 ltan'
272 387 411 418 Chrisis?
425 390 518 418 Hem!

628 457 751 478 MYSIS.

534 511 594 538 Nos
608 508 737 550 quidem
750 508 803 549 pol
817 510 945 540 miseras
961 509 1108 552 perdidit.

626 645 643 665 c
652 646 672 665 R
680 646 690 665 1
698 646 717 665 ‘r
724 646 754 666 0.

181 694 265 733 Quid
280 694 356 724 vos?
367 696 435 734 Quo
450 700 542 735 pacto
557 694 629 725 hic?
643 696 765 726 Satisne
778 697 880 726 recte?

629 825 652 845 M
661 825 701 845 vs
710 827 719 846 1
729 826 752 846 s.

878 877 1002 906 Nosne?
1015 878 1060 907 sic

181 937 225 966 Ut
238 936 364 978 quimus
374 961 382 974 ‚
395 937 485 966 aiunt
494 960 501 973 ‚
517 937 646 979 quando
656 961 663 974 ,
677 944 714 967 ut
726 937 889 976 volumus,
903 949 970 968 non
985 937 1066 968 licet.

622 1072 750 1094 eflx'ro.

182 1121 266 1162 Quid
280 1120 482 1163 Glycerium?
493 1124 562 1151 Jam
575 1121 628 1152 hic
641 1132 712 1152 suos
725 1129 872 1163 parentes
886 1123 1045 1164 repperit?

628 1256 652 1276 M
662 1255 678 1275 Y
687 1255 701 1275 s
709 1257 719 1276 1
729 1256 754 1275 s.

182 1306 327 1336 Utinam!

622 1375 640 1394 c
648 1375 667 1395 R
677 1375 687 1395 1
698 1376 718 1395 ’r
725 1376 754 1396 ο.

279 1430 327 1457 Au
341 1426 486 1457 nondiim
500 1427 616 1457 etiam?
628 1427 719 1457 Haud
733 1427 894 1468 auspicato
905 1425 968 1457 hile
981 1438 1031 1458 me
1046 1426 1158 1469 appuli
1170 1438 1177 1456 :

181 1490 261 1518 Nam
274 1487 344 1528 pol,
358 1488 384 1518 si
396 1487 429 1518 id
443 1488 583 1525 scissem,
598 1490 766 1530 uunquam
779 1488 842 1518 hile
856 1488 1032 1519 tetulissem
1045 1488 1168 1529 pedem.

182 1550 309 1589 Semper
321 1548 405 1578 enim
420 1547 505 1578 dicta
519 1556 565 1578 est
579 1549 646 1590 ejus
659 1549 741 1588 haec,
755 1555 852 1591 atque
865 1548 976 1579 habita
989 1555 1034 1579 est
1047 1560 1136 1579 soror
1150 1560 1156 1577 :

183 1612 258 1650 Quae
271 1609 358 1640 illius
370 1609 459 1640 fuere
473 1609 622 1651 possidet.
639 1613 728 1640 Nunc
741 1620 791 1640 me
805 1610 964 1651 hospitem

182 1671 266 1701 Lites
279 1671 385 1714 sequi,
399 1673 496 1713 quz‘nn
509 1670 562 1702 hic
574 1671 652 1702 mihi
667 1671 707 1703 sit
721 1672 813 1702 facile
826 1678 923 1715 atque
936 1671 1016 1702 utile
1025 1696 1032 1707 ‚

182 1731 327 1762 Aliorum
340 1731 483 1774 exempla
499 1741 714 1763 commonent.
731 1733 830 1764 Simul
844 1733 995 1770 arbitror,

183 1797 252 1824 Janl
266 1806 330 1825 esse
345 1793 482 1836 aliquem
497 1795 633 1825 amicum
649 1803 676 1825 vt
693 1796 890 1826 defensorem
905 1795 950 1830 ei;
966 1806 1039 1825 naui
1056 1795 1119 1824 [an
