1294 2149
117 165 157 201 44
525 166 549 193 Α
558 166 582 193 N
591 166 616 193 D
624 167 646 193 R
654 166 667 193 l
674 166 708 193 A.

115 210 204 266 ltz'niie
217 234 373 265 obstinate
388 245 516 275 operam
529 234 600 272 dat,
620 241 656 264 ut
673 245 722 264 me
738 236 755 264 ἐι
770 233 915 275 Glycerio
929 235 1074 265 miserum

159 295 343 327 abstrahat?

115 355 208 395 Quod
221 355 246 385 si
259 353 309 392 fit,
325 365 419 396 pereo
432 354 585 385 funditus

115 413 231 446 Adeon’
244 414 406 462 hominem
420 425 483 446 esse
501 416 719 451 invenustum,
740 419 796 444 aut
815 413 974 444 infelicem
993 424 1102 456 quem-

159 485 256 517 quam
268 481 304 505 ut
317 485 374 516 ego
388 476 476 505 sum?

114 534 175 564 Pro
188 534 282 564 deum
295 540 391 576 atque
404 533 572 564 homiuum
585 532 693 563 fidem!
710 531 830 563 nullon'
844 543 901 574 ego

115 593 290 624 Chremetis
304 599 396 634 pacto
410 591 600 623 affinitatem
613 591 753 634 effugere
767 593 900 633 potero?
912 594 997 631 Quot
1010 591 1109 622 modis

117 656 337 695 Contemptus,
352 655 494 695 spretus?
507 655 618 690 Facta,
634 659 795 683 transacta
807 653 923 683 omnia.
939 654 1032 682 Hem!

115 714 308 755 Repudiatus
329 720 464 754 repetor.
480 713 712 753 Quamobrem?
726 713 789 743 Nisi
802 712 827 743 si
840 712 872 743 id
885 718 932 743 est
945 711 1030 754 quod
1044 721 1107 742 sus-

162 775 264 815 pic0r;

116 833 244 876 Aliquid
257 834 391 865 monstri
405 834 497 864 alunt
512 846 516 863 :
540 844 575 864 ea
590 834 743 875 quoniam
763 833 883 863 nemini
903 831 1031 863 obtrudi
1050 842 1103 872 po·

161 902 238 932 test,

116 958 184 985 Itur
197 954 238 985 ad
252 965 310 985 me.

562 1036 584 1054 M
595 1034 610 1053 r
620 1036 633 1055 s
642 1036 651 1055 1
661 1036 684 1054 s.

315 1086 425 1115 Oratio
441 1084 505 1115 haec
519 1095 567 1114 me
581 1086 728 1115 miseram
741 1083 932 1114 exanimavit
945 1088 1041 1113 metu.

500 1208 739 1242 PAM‘Pflirus.

116 1278 195 1305 Nam
209 1273 288 1317 quid
301 1284 357 1316 ego
371 1273 472 1304 dicam
486 1273 524 1304 de
537 1275 646 1314 patre?
659 1272 723 1303 Ah!

115 1338 293 1366 Tantamne
306 1345 372 1365 rem
386 1341 450 1365 tam
464 1334 662 1377 negligenter
674 1336 785 1376 agere?
798 1334 982 1365 Praeteriens
993 1334 1085 1365 modo

116 1396 196 1427 Mihi
208 1396 294 1437 apud
307 1396 412 1441 forum
421 1421 429 1435 ‚
442 1406 523 1426 uxor
536 1396 593 1426 tibi
607 1395 750 1426 ducenda
765 1402 827 1432 est,
842 1394 1022 1436 Pamphile,

161 1456 274 1496 hodie,
287 1458 392 1499 inquit
407 1469 413 1486 z
427 1468 521 1498 para;

117 1517 176 1548 Abi
193 1517 331 1547 domum.
354 1517 388 1547 Id
412 1516 492 1547 mihi
510 1516 594 1547 visus
612 1522 658 1547 est
680 1515 799 1555 dicere,
818 1515 878 1547 Abi
895 1516 958 1546 cito
979 1522 1010 1546 et
1023 1526 1086 1547 sus-

161 1577 265 1619 pende
278 1583 320 1608 te.

117 1643 277 1685 Obstupui
291 1654 298 1672 t
312 1642 433 1674 censen*
447 1642 549 1674 ullum
562 1653 612 1673 me
625 1642 757 1674 verbum
770 1643 908 1684 potuisse
921 1644 1084 1686 proloqui,

118 1707 180 1735 Aut
193 1704 293 1735 ullam
311 1715 453 1743 causam,
473 1705 613 1746 ineptam
631 1704 758 1742 saltem,
778 1704 905 1743 falsam,
923 1705 1085 1747 iniquam?

162 1764 318 1795 obmutui.

120 1824 212 1864 Quod
225 1825 250 1855 si
263 1834 320 1866 ego
342 1825 500 1856 rescissem
521 1824 553 1854 id
577 1824 663 1865 prins
677 1836 683 1854 :
705 1824 782 1868 quid
803 1824 935 1856 facerem
944 1850 952 1864 ,
964 1823 996 1869 ’.εἰ
1015 1824 1085 1867 quis

166 1894 250 1914 nunc
264 1894 312 1914 me
326 1890 431 1925 roget3
