<?xml version="1.0" encoding="UTF-8"?>
<!DOCTYPE html PUBLIC "-//W3C//DTD XHTML 1.0 Transitional//EN"
    "http://www.w3.org/TR/xhtml1/DTD/xhtml1-transitional.dtd">
<html xmlns="http://www.w3.org/1999/xhtml" xml:lang="en" lang="en">
 <head>
  <title>
</title>
<meta http-equiv="Content-Type" content="text/html;charset=utf-8" />
  <meta name='ocr-system' content='tesseract 3.04.00' />
  <meta name='ocr-capabilities' content='ocr_page ocr_carea ocr_par ocr_line ocrx_word'/>
</head>
<body>
  <div class='ocr_page' id='page_1' title='image "./comedies12tere_0476.png"; bbox 0 0 1294 2149; ppageno 0'>
   <div class='ocr_carea' id='block_1_1' title="bbox 189 122 1202 940">
    <p class='ocr_par' dir='ltr' id='par_1_1' title="bbox 189 122 1202 940">
     <span class='ocr_line' id='line_1_1' title="bbox 198 122 834 158; baseline 0 -8"><span class='ocrx_word' id='word_1_1' title='bbox 198 122 254 158; x_wconf 70' lang='grc'>,46</span> <span class='ocrx_word' id='word_1_2' title='bbox 546 122 834 150; x_wconf 60' lang='lat' dir='ltr'>=EUNUCHrs</span> 
     </span>
     <span class='ocr_line' id='line_1_2' title="bbox 192 181 1149 232; baseline -0.001 -11"><span class='ocrx_word' id='word_1_3' title='bbox 192 195 254 221; x_wconf 78' lang='lat' dir='ltr'>Hac</span> <span class='ocrx_word' id='word_1_4' title='bbox 268 201 318 227; x_wconf 72' lang='lat' dir='ltr'>re,</span> <span class='ocrx_word' id='word_1_5' title='bbox 333 197 364 221; x_wconf 85' lang='lat' dir='ltr'>et</span> <span class='ocrx_word' id='word_1_6' title='bbox 379 198 408 221; x_wconf 85' lang='lat' dir='ltr'>te</span> <span class='ocrx_word' id='word_1_7' title='bbox 422 191 508 221; x_wconf 83' lang='lat' dir='ltr'>omni</span> <span class='ocrx_word' id='word_1_8' title='bbox 522 191 617 221; x_wconf 58' lang='lat' dir='ltr'><strong>turba</strong></span> <span class='ocrx_word' id='word_1_9' title='bbox 630 190 770 227; x_wconf 81' lang='lat' dir='ltr'>evolves‚</span> <span class='ocrx_word' id='word_1_10' title='bbox 785 197 817 221; x_wconf 87' lang='lat' dir='ltr'>et</span> <span class='ocrx_word' id='word_1_11' title='bbox 829 190 878 220; x_wconf 84' lang='lat' dir='ltr'>illi</span> <span class='ocrx_word' id='word_1_12' title='bbox 892 197 1018 232; x_wconf 82' lang='lat' dir='ltr'>gratum</span> <span class='ocrx_word' id='word_1_13' title='bbox 1032 181 1149 222; x_wconf 65' lang='lat' dir='ltr'>fecerss.</span> 
     </span>
     <span class='ocr_line' id='line_1_3' title="bbox 191 250 655 282; baseline 0 -2"><span class='ocrx_word' id='word_1_14' title='bbox 191 252 224 280; x_wconf 75' lang='lat' dir='ltr'>ld</span> <span class='ocrx_word' id='word_1_15' title='bbox 239 251 333 281; x_wconf 63' lang='lat' dir='ltr'>modi)</span> <span class='ocrx_word' id='word_1_16' title='bbox 348 250 398 281; x_wconf 86' lang='lat' dir='ltr'>dic</span> <span class='ocrx_word' id='word_1_17' title='bbox 412 251 513 282; x_wconf 72' lang='lat' dir='ltr'>abisse</span> <span class='ocrx_word' id='word_1_18' title='bbox 526 253 655 281; x_wconf 82' lang='lat' dir='ltr'>Dorum.</span> 
     </span>
     <span class='ocr_line' id='line_1_4' title="bbox 605 321 786 342; baseline -0.011 0"><span class='ocrx_word' id='word_1_19' title='bbox 605 322 622 342; x_wconf 85' lang='lat' dir='ltr'>p</span> <span class='ocrx_word' id='word_1_20' title='bbox 630 321 649 341; x_wconf 81' lang='lat' dir='ltr'><strong>Y</strong></span> <span class='ocrx_word' id='word_1_21' title='bbox 656 322 675 341; x_wconf 90' lang='grc' dir='ltr'>τ</span> <span class='ocrx_word' id='word_1_22' title='bbox 684 321 704 341; x_wconf 79' lang='lat'>11</span> <span class='ocrx_word' id='word_1_23' title='bbox 715 322 724 341; x_wconf 93' lang='lat'>1</span> <span class='ocrx_word' id='word_1_24' title='bbox 735 321 754 341; x_wconf 77' lang='lat' dir='ltr'>A</span> <span class='ocrx_word' id='word_1_25' title='bbox 763 322 786 341; x_wconf 81' lang='lat' dir='ltr'>s.</span> 
     </span>
     <span class='ocr_line' id='line_1_5' title="bbox 652 371 836 402; baseline 0 -2"><span class='ocrx_word' id='word_1_26' title='bbox 652 374 699 401; x_wconf 84' lang='lat' dir='ltr'>Ita</span> <span class='ocrx_word' id='word_1_27' title='bbox 713 371 836 402; x_wconf 84' lang='lat' dir='ltr'>faciam.</span> 
     </span>
     <span class='ocr_line' id='line_1_6' title="bbox 620 443 773 463; baseline 0 -2"><span class='ocrx_word' id='word_1_28' title='bbox 620 444 639 461; x_wconf 83' lang='lat' dir='ltr'>n</span> <span class='ocrx_word' id='word_1_29' title='bbox 647 443 665 462; x_wconf 94' lang='lat' dir='ltr'>o</span> <span class='ocrx_word' id='word_1_30' title='bbox 673 443 691 462; x_wconf 77' lang='lat' dir='ltr'><strong>R</strong></span> <span class='ocrx_word' id='word_1_31' title='bbox 701 444 711 463; x_wconf 94' lang='lat'>1</span> <span class='ocrx_word' id='word_1_32' title='bbox 722 444 740 463; x_wconf 78' lang='lat' dir='ltr'>A</span> <span class='ocrx_word' id='word_1_33' title='bbox 749 443 773 462; x_wconf 86' lang='lat' dir='ltr'>s.</span> 
     </span>
     <span class='ocr_line' id='line_1_7' title="bbox 807 491 1202 523; baseline 0.008 -3"><span class='ocrx_word' id='word_1_34' title='bbox 807 491 866 522; x_wconf 87' lang='lat' dir='ltr'>Sed</span> <span class='ocrx_word' id='word_1_35' title='bbox 879 491 1001 523; x_wconf 82' lang='lat' dir='ltr'>videon’</span> <span class='ocrx_word' id='word_1_36' title='bbox 1015 492 1178 523; x_wconf 86' lang='lat' dir='ltr'>Chremem</span> <span class='ocrx_word' id='word_1_37' title='bbox 1190 496 1202 523; x_wconf 68' lang='lat'>‚⁹</span> 
     </span>
     <span class='ocr_line' id='line_1_8' title="bbox 190 551 485 593; baseline -0.01 -10"><span class='ocrx_word' id='word_1_38' title='bbox 190 552 285 583; x_wconf 71' lang='lat' dir='ltr'>Thais</span> <span class='ocrx_word' id='word_1_39' title='bbox 295 552 360 593; x_wconf 83' lang='lat' dir='ltr'>jam</span> <span class='ocrx_word' id='word_1_40' title='bbox 373 551 485 582; x_wconf 70' lang='lat' dir='ltr'>aderit.</span> 
     </span>
     <span class='ocr_line' id='line_1_9' title="bbox 603 622 788 643; baseline -0.005 0"><span class='ocrx_word' id='word_1_41' title='bbox 603 623 621 643; x_wconf 83' lang='lat' dir='ltr'><strong>P</strong></span> <span class='ocrx_word' id='word_1_42' title='bbox 630 622 648 641; x_wconf 79' lang='lat' dir='ltr'>Y</span> <span class='ocrx_word' id='word_1_43' title='bbox 656 623 674 642; x_wconf 81' lang='grc' dir='ltr'>τ</span> <span class='ocrx_word' id='word_1_44' title='bbox 684 622 705 642; x_wconf 83' lang='lat' dir='ltr'><strong>n</strong></span> <span class='ocrx_word' id='word_1_45' title='bbox 715 623 725 642; x_wconf 92' lang='lat'>1</span> <span class='ocrx_word' id='word_1_46' title='bbox 737 623 756 642; x_wconf 81' lang='lat' dir='ltr'>A</span> <span class='ocrx_word' id='word_1_47' title='bbox 765 623 788 642; x_wconf 86' lang='lat' dir='ltr'>s.</span> 
     </span>
     <span class='ocr_line' id='line_1_10' title="bbox 478 671 642 711; baseline 0.006 -11"><span class='ocrx_word' id='word_1_48' title='bbox 478 671 563 711; x_wconf 85' lang='lat' dir='ltr'><strong>Quid</strong></span> <span class='ocrx_word' id='word_1_49' title='bbox 576 671 642 701; x_wconf 80' lang='lat' dir='ltr'>ita?</span> 
     </span>
     <span class='ocr_line' id='line_1_11' title="bbox 620 741 774 761; baseline 0 0"><span class='ocrx_word' id='word_1_50' title='bbox 620 742 640 761; x_wconf 86' lang='lat' dir='ltr'>D</span> <span class='ocrx_word' id='word_1_51' title='bbox 648 741 666 761; x_wconf 93' lang='grc' dir='ltr'><strong>ο</strong></span> <span class='ocrx_word' id='word_1_52' title='bbox 675 742 693 761; x_wconf 75' lang='lat' dir='ltr'>n</span> <span class='ocrx_word' id='word_1_53' title='bbox 702 742 713 761; x_wconf 91' lang='lat'><em>1</em></span> <span class='ocrx_word' id='word_1_54' title='bbox 723 742 743 761; x_wconf 79' lang='lat' dir='ltr'>A</span> <span class='ocrx_word' id='word_1_55' title='bbox 750 742 774 761; x_wconf 83' lang='lat' dir='ltr'>s.</span> 
     </span>
     <span class='ocr_line' id='line_1_12' title="bbox 487 791 1201 833; baseline 0.001 -13"><span class='ocrx_word' id='word_1_56' title='bbox 487 792 584 832; x_wconf 85' lang='lat' dir='ltr'><strong>Quia,</strong></span> <span class='ocrx_word' id='word_1_57' title='bbox 599 802 672 823; x_wconf 86' lang='lat' dir='ltr'>cum</span> <span class='ocrx_word' id='word_1_58' title='bbox 685 791 761 822; x_wconf 57' lang='lat' dir='ltr'>ind&amp;</span> <span class='ocrx_word' id='word_1_59' title='bbox 774 792 852 822; x_wconf 86' lang='lat' dir='ltr'>abeo</span> <span class='ocrx_word' id='word_1_60' title='bbox 861 815 868 828; x_wconf 94' lang='lat'>‚</span> <span class='ocrx_word' id='word_1_61' title='bbox 879 791 946 832; x_wconf 80' lang='lat' dir='ltr'>jam</span> <span class='ocrx_word' id='word_1_62' title='bbox 959 797 1028 822; x_wconf 87' lang='lat' dir='ltr'>tum</span> <span class='ocrx_word' id='word_1_63' title='bbox 1041 792 1201 833; x_wconf 80' lang='lat' dir='ltr'><strong>inceperat</strong></span> 
     </span>
     <span class='ocr_line' id='line_1_13' title="bbox 189 853 469 883; baseline -0.007 0"><span class='ocrx_word' id='word_1_64' title='bbox 189 853 297 883; x_wconf 82' lang='lat' dir='ltr'><strong>Turba</strong></span> <span class='ocrx_word' id='word_1_65' title='bbox 311 853 395 882; x_wconf 80' lang='lat' dir='ltr'>inter</span> <span class='ocrx_word' id='word_1_66' title='bbox 409 861 469 882; x_wconf 86' lang='lat' dir='ltr'><strong>eos.</strong></span> 
     </span>
     <span class='ocr_line' id='line_1_14' title="bbox 605 920 785 940; baseline 0 0"><span class='ocrx_word' id='word_1_67' title='bbox 605 921 622 940; x_wconf 76' lang='grc' dir='ltr'><strong>Ρ</strong></span> <span class='ocrx_word' id='word_1_68' title='bbox 630 920 648 940; x_wconf 70' lang='lat' dir='ltr'>Y</span> <span class='ocrx_word' id='word_1_69' title='bbox 657 921 675 940; x_wconf 85' lang='lat' dir='ltr'>T</span> <span class='ocrx_word' id='word_1_70' title='bbox 683 921 704 940; x_wconf 83' lang='lat' dir='ltr'>H</span> <span class='ocrx_word' id='word_1_71' title='bbox 714 921 724 940; x_wconf 91' lang='lat'>1</span> <span class='ocrx_word' id='word_1_72' title='bbox 735 922 754 940; x_wconf 82' lang='lat' dir='ltr'>A</span> <span class='ocrx_word' id='word_1_73' title='bbox 762 921 785 940; x_wconf 91' lang='lat' dir='ltr'>s.</span> 
     </span>
    </p>
   </div>
   <div class='ocr_carea' id='block_1_2' title="bbox 366 969 1198 1012">
    <p class='ocr_par' dir='ltr' id='par_1_2' title="bbox 366 969 1198 1012">
     <span class='ocr_line' id='line_1_15' title="bbox 366 969 1198 1012; baseline -0.001 -12"><span class='ocrx_word' id='word_1_74' title='bbox 366 974 412 1000; x_wconf 80' lang='lat' dir='ltr'>&#39;su</span> <span class='ocrx_word' id='word_1_75' title='bbox 427 971 516 1001; x_wconf 74' lang='lat' dir='ltr'>aufer</span> <span class='ocrx_word' id='word_1_76' title='bbox 530 981 643 1001; x_wconf 87' lang='lat' dir='ltr'><strong>aurum</strong></span> <span class='ocrx_word' id='word_1_77' title='bbox 656 970 716 1001; x_wconf 90' lang='lat' dir='ltr'>hoc</span> <span class='ocrx_word' id='word_1_78' title='bbox 725 994 732 1007; x_wconf 94' lang='lat'><strong>,</strong></span> <span class='ocrx_word' id='word_1_79' title='bbox 748 981 805 1011; x_wconf 82' lang='lat' dir='ltr'>ego</span> <span class='ocrx_word' id='word_1_80' title='bbox 818 970 903 1001; x_wconf 87' lang='lat' dir='ltr'>scibo</span> <span class='ocrx_word' id='word_1_81' title='bbox 917 981 955 1000; x_wconf 83' lang='lat' dir='ltr'>ex</span> <span class='ocrx_word' id='word_1_82' title='bbox 968 969 1029 1000; x_wconf 88' lang='lat' dir='ltr'>hoc</span> <span class='ocrx_word' id='word_1_83' title='bbox 1039 970 1118 1012; x_wconf 84' lang='lat' dir='ltr'><strong>quid</strong></span> <span class='ocrx_word' id='word_1_84' title='bbox 1131 970 1198 1001; x_wconf 87' lang='lat' dir='ltr'>siet.</span> 
     </span>
    </p>
   </div>
   <div class='ocr_carea' id='block_1_3' title="bbox 516 1209 875 1263">
    <p class='ocr_par' dir='ltr' id='par_1_3' title="bbox 516 1209 875 1263">
     <span class='ocr_line' id='line_1_16' title="bbox 516 1209 875 1263; baseline -0.008 -2"><span class='ocrx_word' id='word_1_85' title='bbox 516 1209 748 1261; x_wconf 85' lang='lat' dir='ltr'><strong>SCENA</strong></span> <span class='ocrx_word' id='word_1_86' title='bbox 784 1211 875 1263; x_wconf 85' lang='lat' dir='ltr'>VI.</span> 
     </span>
    </p>
   </div>
   <div class='ocr_carea' id='block_1_4' title="bbox 461 1331 928 1365">
    <p class='ocr_par' dir='ltr' id='par_1_4' title="bbox 461 1331 928 1365">
     <span class='ocr_line' id='line_1_17' title="bbox 461 1331 928 1365; baseline -0.006 -5"><span class='ocrx_word' id='word_1_87' title='bbox 461 1331 692 1365; x_wconf 71' lang='lat' dir='ltr'>CHREMES,</span> <span class='ocrx_word' id='word_1_88' title='bbox 718 1331 928 1359; x_wconf 82' lang='lat' dir='ltr'>PYTHIAS.</span> 
     </span>
    </p>
   </div>
   <div class='ocr_carea' id='block_1_5' title="bbox 185 1477 1198 1752">
    <p class='ocr_par' dir='ltr' id='par_1_5' title="bbox 597 1477 790 1498">
     <span class='ocr_line' id='line_1_18' title="bbox 597 1477 790 1498; baseline 0 -2"><span class='ocrx_word' id='word_1_89' title='bbox 597 1477 790 1498; x_wconf 54' lang='lat' dir='ltr'>canunt&amp;</span> 
     </span>
    </p>

    <p class='ocr_par' dir='ltr' id='par_1_6' title="bbox 189 1527 1196 1570">
     <span class='ocr_line' id='line_1_19' title="bbox 189 1527 1196 1570; baseline -0.001 -13"><span class='ocrx_word' id='word_1_90' title='bbox 189 1531 227 1557; x_wconf 79' lang='lat' dir='ltr'>At</span> <span class='ocrx_word' id='word_1_91' title='bbox 241 1535 288 1564; x_wconf 80' lang='lat' dir='ltr'>at,</span> <span class='ocrx_word' id='word_1_92' title='bbox 304 1528 380 1558; x_wconf 75' lang='lat' dir='ltr'>data</span> <span class='ocrx_word' id='word_1_93' title='bbox 393 1527 498 1558; x_wconf 59' lang='lat' dir='ltr'>hercle</span> <span class='ocrx_word' id='word_1_94' title='bbox 511 1528 610 1559; x_wconf 75' lang='lat' dir='ltr'>verba</span> <span class='ocrx_word' id='word_1_95' title='bbox 621 1528 700 1559; x_wconf 86' lang='lat' dir='ltr'>mihi</span> <span class='ocrx_word' id='word_1_96' title='bbox 714 1534 788 1558; x_wconf 89' lang='lat' dir='ltr'>sunt</span> <span class='ocrx_word' id='word_1_97' title='bbox 798 1539 805 1558; x_wconf 78' lang='lat' dir='ltr'><strong>t</strong></span> <span class='ocrx_word' id='word_1_98' title='bbox 817 1527 894 1558; x_wconf 79' lang='lat' dir='ltr'><strong>vicit</strong></span> <span class='ocrx_word' id='word_1_99' title='bbox 903 1528 1014 1558; x_wconf 85' lang='lat' dir='ltr'>vinum</span> <span class='ocrx_word' id='word_1_100' title='bbox 1023 1527 1110 1570; x_wconf 89' lang='lat' dir='ltr'>quod</span> <span class='ocrx_word' id='word_1_101' title='bbox 1119 1527 1196 1558; x_wconf 85' lang='lat' dir='ltr'>bibi.</span> 
     </span>
    </p>

    <p class='ocr_par' dir='ltr' id='par_1_7' title="bbox 190 1587 1187 1679">
     <span class='ocr_line' id='line_1_20' title="bbox 190 1587 1187 1632; baseline 0 -14"><span class='ocrx_word' id='word_1_102' title='bbox 190 1593 226 1618; x_wconf 78' lang='lat' dir='ltr'>At</span> <span class='ocrx_word' id='word_1_103' title='bbox 235 1613 242 1625; x_wconf 94' lang='lat'>,</span> <span class='ocrx_word' id='word_1_104' title='bbox 257 1588 333 1619; x_wconf 87' lang='lat' dir='ltr'>dum</span> <span class='ocrx_word' id='word_1_105' title='bbox 347 1589 539 1619; x_wconf 80' lang='lat' dir='ltr'>accubabam</span> <span class='ocrx_word' id='word_1_106' title='bbox 548 1614 555 1626; x_wconf 87' lang='lat'>,</span> <span class='ocrx_word' id='word_1_107' title='bbox 571 1590 667 1632; x_wconf 58' lang='lat' dir='ltr'>quhm</span> <span class='ocrx_word' id='word_1_108' title='bbox 679 1589 812 1620; x_wconf 80' lang='lat' dir='ltr'>videbar</span> <span class='ocrx_word' id='word_1_109' title='bbox 823 1588 903 1619; x_wconf 88' lang='lat' dir='ltr'>mihi</span> <span class='ocrx_word' id='word_1_110' title='bbox 917 1600 980 1620; x_wconf 84' lang='lat' dir='ltr'><strong>esse</strong></span> <span class='ocrx_word' id='word_1_111' title='bbox 994 1587 1126 1631; x_wconf 62' lang='lat' dir='ltr'>pulchrk</span> <span class='ocrx_word' id='word_1_112' title='bbox 1139 1599 1187 1619; x_wconf 84' lang='lat' dir='ltr'>so-</span> 
     </span>
     <span class='ocr_line' id='line_1_21' title="bbox 232 1649 334 1679; baseline 0 0"><span class='ocrx_word' id='word_1_113' title='bbox 232 1649 334 1679; x_wconf 81' lang='lat' dir='ltr'>brius!</span> 
     </span>
    </p>

    <p class='ocr_par' dir='ltr' id='par_1_8' title="bbox 185 1708 1198 1752">
     <span class='ocr_line' id='line_1_22' title="bbox 185 1708 1198 1752; baseline 0.002 -14"><span class='ocrx_word' id='word_1_114' title='bbox 185 1711 354 1751; x_wconf 52' lang='lat' dir='ltr'>Postqussm</span> <span class='ocrx_word' id='word_1_115' title='bbox 368 1710 487 1740; x_wconf 80' lang='lat' dir='ltr'>surrexi</span> <span class='ocrx_word' id='word_1_116' title='bbox 499 1733 506 1746; x_wconf 95' lang='lat'><strong>‚</strong></span> <span class='ocrx_word' id='word_1_117' title='bbox 520 1720 624 1751; x_wconf 80' lang='lat' dir='ltr'>neque</span> <span class='ocrx_word' id='word_1_118' title='bbox 639 1721 691 1750; x_wconf 82' lang='lat' dir='ltr'>pes</span> <span class='ocrx_word' id='word_1_119' title='bbox 700 1733 707 1746; x_wconf 85' lang='lat'>‚</span> <span class='ocrx_word' id='word_1_120' title='bbox 722 1720 826 1752; x_wconf 83' lang='lat' dir='ltr'>neque</span> <span class='ocrx_word' id='word_1_121' title='bbox 839 1721 926 1740; x_wconf 86' lang='lat' dir='ltr'>mens</span> <span class='ocrx_word' id='word_1_122' title='bbox 939 1710 1014 1741; x_wconf 89' lang='lat' dir='ltr'>satis</span> <span class='ocrx_word' id='word_1_123' title='bbox 1026 1721 1117 1741; x_wconf 82' lang='lat' dir='ltr'>suum</span> <span class='ocrx_word' id='word_1_124' title='bbox 1130 1708 1198 1740; x_wconf 81' lang='lat' dir='ltr'>offi-</span> 
     </span>
    </p>
   </div>
   <div class='ocr_carea' id='block_1_6' title="bbox 230 1770 410 1800">
    <p class='ocr_par' dir='ltr' id='par_1_9' title="bbox 230 1770 410 1800">
     <span class='ocr_line' id='line_1_23' title="bbox 230 1770 410 1800; baseline -0.006 -1"><span class='ocrx_word' id='word_1_125' title='bbox 230 1770 312 1800; x_wconf 90' lang='lat' dir='ltr'><strong>cium</strong></span> <span class='ocrx_word' id='word_1_126' title='bbox 326 1770 410 1800; x_wconf 81' lang='lat' dir='ltr'>facit.</span> 
     </span>
    </p>
   </div>
  </div>
 </body>
</html>
