1294 2149
171 119 210 157 9⁴¹
541 119 803 148 EUNUCHUS.

575 200 593 219 P
601 200 621 219 A
630 199 649 219 R
658 199 681 218 M
689 200 707 219 E
714 199 733 218 N
741 201 768 220 0.

169 252 226 278 Res
237 248 400 278 indicabit.
416 250 513 278 Heus!
523 247 632 288 jubete
644 249 719 279 istos
733 249 815 279 forfis

170 310 275 348 Exire,
289 320 367 352 quos
376 309 471 350 jussi,
485 310 580 340 ocius.
596 310 732 340 Procede
746 316 782 340 tu
796 310 867 340 huc.

170 375 212 401 Ex
226 371 381 412 AEthiopisi
394 377 440 401 est
453 371 551 412 usque
565 370 639 400 haec.

594 504 613 522 ‘r
622 503 642 522 Η
651 503 671 522 R
680 503 699 522 A
708 503 721 522 s
728 504 756 523 o.

649 553 706 582 Hic
718 558 793 583 sunt
807 557 869 583 tres
881 553 982 584 minae.

599 624 618 642 c.
627 623 646 642 x
655 623 674 643 A
681 624 700 643 ‘r
708 624 735 643 ο.

168 676 233 704 Vix.

570 745 588 765 P
596 745 616 764 A
625 745 644 765 R
651 744 676 764 M
684 745 703 765 Ε
710 745 730 765 N
737 746 765 766 o.

254 796 316 825 L'bi
328 801 365 825 tu
377 806 408 825 es
417 820 424 833 ‚
438 797 539 826 Dore?
552 796 670 826 Accede
683 795 762 826 huc:
777 795 850 826 hem
862 797 1045 828 eunuchum
1059 798 1113 828 tihi
1122 823 1130 835 ,

167 857 269 895 Quiun
281 855 404 885 liberali
417 855 495 886 facie
503 880 510 894 ‚
526 857 622 898 quizm
634 862 725 887 aetate
737 857 877 898 integral!

601 986 620 1005 ‘r
628 986 649 1005 11
659 986 678 1006 A
684 979 696 1006 ἰ’
703 986 726 1006 s.

167 1038 213 1065 Ita
225 1046 274 1066 me
288 1035 320 1066 di
333 1041 456 1073 ament,
470 1035 620 1066 honestus
634 1042 690 1065 est.

571 1106 588 1126 P
596 1106 616 1125 A
624 1105 643 1126 R
651 1105 675 1126 Μ
684 1106 701 1126 13
708 1105 727 1125 N
736 1106 764 1126 o.

689 1154 774 1194 Quid
786 1160 823 1184 tu
835 1156 880 1185 ais
888 1179 897 1193 ,
911 1157 1032 1185 Gnato?

166 1214 325 1256 Numquid
338 1214 435 1244 habes
448 1214 535 1256 quod
547 1216 748 1244 contemnas?
759 1214 843 1254 Quid
855 1221 890 1245 tu
903 1215 1173 1254 autem‚Thraso‘.’

164 1277 298 1305 Tacent:
313 1277 387 1305 satis
400 1275 542 1305 laudaut.
559 1277 619 1305 Fac
632 1275 807 1316 periculum
819 1276 853 1305 in
866 1275 978 1307 litteris
987 1301 995 1314 ,

164 1340 224 1367 Fac
238 1337 271 1366 in
285 1335 427 1377 pajaestrai
436 1361 444 1374 ‚
456 1336 491 1365 in
503 1336 644 1366 musicis:
659 1347 728 1378 quae
741 1336 876 1366 liberum

165 1399 246 1428 Scire
260 1408 386 1440 aequum
398 1403 444 1428 est
457 1396 688 1428 adolescentem
697 1423 705 1436 ,
718 1397 865 1428 solertem
878 1397 971 1429 dabo.

584 1538 745 1557 TllRAso.

164 1592 227 1630 Ego
240 1588 329 1618 illiun
343 1589 524 1619 eunuchum
533 1614 540 1627 ‚
554 1590 578 1619 si
593 1599 671 1630 opus
684 1589 742 1619 siet
753 1613 760 1627 ‚
775 1588 824 1619 vel
837 1589 968 1620 sobrius.

571 1726 760 1746 PARMENO.

164 1779 263 1816 Atque
277 1775 341 1806 haec
354 1776 409 1817 qui
423 1776 522 1812 misit,
538 1787 599 1805 non
615 1776 672 1806 sibi
686 1776 743 1807 soli
757 1776 893 1816 postulat
