1294 2149
133 99 189 127 136
538 99 722 127 ANDRIA.

569 180 590 199 D
599 180 641 200 Av
648 181 669 200 u
677 180 702 199 s.

610 231 684 261 Dies
696 230 749 261 hie
762 232 806 262 mi
820 237 857 262 ut
869 231 910 262 sit
923 231 998 262 satis
1011 242 1123 263 vereor

128 289 176 321 Ad
195 290 353 332 agendum
360 302 370 327 3
391 301 430 321 ne
449 301 584 322 vacuum
603 302 667 322 esse
686 302 736 322 me
757 302 844 323 nunc
862 292 904 323 ad
925 293 1124 324 narrandum

171 351 290 383 credas.

127 412 263 442 Proindb
276 411 351 442 hinc
365 423 419 442 vos
431 411 608 442 amolimini
620 423 627 441 :
642 423 718 442 nam
730 413 775 442 mi
788 413 1013 454 impedimento
1028 414 1111 444 estis.

514 482 531 501 P
539 483 559 501 A
568 480 592 501 M
600 482 617 502 Ρ
626 481 647 500 Η
656 482 667 501 1
676 482 693 501 L
701 481 721 501 u
731 482 754 501 s.

129 535 193 574 Ego
206 531 289 562 hanc
303 533 411 562 visam.

567 601 588 620 1)
598 602 639 621 Av
647 601 668 620 U
677 601 701 621 s.

350 652 434 692 Quid
448 654 503 683 tu?
516 653 586 692 Quo
600 652 677 683 hinc
689 658 721 683 te
734 652 817 694 agis?

530 732 547 752 c
557 731 578 751 fl
587 733 606 752 A
615 733 635 753 n
643 733 653 752 1
662 732 682 752 N
691 733 711 752 U
720 733 744 752 s.

716 784 834 812 Verum
847 781 895 812 vis
911 781 1034 812 dicam?

567 852 587 871 n
595 851 637 872 μ’
647 852 669 872 n
676 851 700 870 s.

932 901 998 931 Imo
1013 901 1119 931 etiam.

129 963 327 993 Narrationis
341 961 455 1004 incipit
467 961 547 992 mihi
559 962 696 993 initium.

533 1042 550 1062 c
559 1042 580 1062 Η
590 1043 610 1063 A
618 1042 654 1062 ni
662 1043 682 1062 N
692 1043 712 1062 U
721 1042 744 1062 s.

700 1091 786 1132 Quid
798 1102 847 1122 me
862 1090 933 1123 fiet?

569 1163 590 1182 n
598 1162 639 1182 Av
649 1162 669 1182 υ
678 1163 702 1182 s.

130 1213 198 1244 Eho
207 1239 215 1252 ,
230 1213 397 1254 impudens
407 1237 414 1250 ,
429 1224 496 1243 non
509 1214 583 1244 satis
596 1212 694 1243 habes
708 1212 793 1254 quod
806 1212 865 1243 tibi
878 1211 1037 1243 dieculam
1049 1211 1132 1242 addo
1142 1237 1150 1249 ‚

130 1277 294 1316 Quantum
307 1275 382 1306 huic
396 1285 566 1316 promoveo
580 1275 727 1316 nuptias?

534 1411 746 1432 CHARINUS.

727 1462 828 1497 Dave,
840 1464 991 1490 attamen.

572 1532 705 1552 nAvns.

930 1579 1016 1620 Quid
1028 1580 1121 1622 ergo?

531 1653 578 1673 cu
589 1653 746 1673 ARlxt's.

134 1707 174 1734 Ut
189 1703 312 1734 ducam.
